3036 5114
384 387 518 448 rsrrs
551 389 578 452 r.
635 391 827 454 nrrrrrs.
987 457 990 467 ,
1067 393 1155 452 xvn

231 585 357 668 temen
381 607 443 666 eos
468 545 635 692 partibus
659 593 734 669 suis
760 593 848 670 salis
865 598 1014 670 omnino
1032 589 1155 670 fecisse

233 698 478 806 conqueritur.
520 709 755 784 Manifestum
779 709 871 786 adeo
898 733 983 787 eum
1009 733 1055 786 err
1079 713 1155 802 his,
1223 808 1224 812 Ἴ

232 827 314 930 tum
339 845 385 894 ex
408 822 488 922 ipss
512 823 730 924 exertrpleris
746 827 967 902 tractatione
988 826 1053 916 fit,
1070 847 1156 938 ¹esse

234 935 323 1010 illud
346 961 392 1010 ex
416 938 556 1010 Veneto
585 961 642 1037 pr.
669 937 934 1040 descriptum-,—
950 937 1013 1012 sed
1045 938 1156 1038 paulo

233 1047 468 1125 emendatius.
512 1049 609 1126 Cum
625 1051 869 1152 impressionis
887 1057 977 1128 nota
994 1076 1069 1126 non
1086 1053 1155 1126 sub
1273 1102 1278 1110 -

230 1168 435 1237 extremam
461 1164 623 1254 ealoem,
649 1165 712 1242 sed
728 1165 836 1240 surii
854 1165 973 1263 Syln's
987 1165 1157 1238 subiecta

234 1277 305 1366 sit,
338 1284 567 1354 memoratur
600 1279 793 1380 aliquoties
826 1279 922 1352 haec
952 1278 1062 1352 editio
1088 1277 1156 1350 sub

233 1389 342 1462 titulo
358 1393 489 1466 veterio
506 1392 673 1468 editionis
689 1392 766 1465 sine
784 1413 902 1464 anno:
928 1414 962 1466 v.
979 1414 1013 1462 c.
1030 1389 1068 1462 in
1087 1388 1158 1461 Ca·

235 1501 298 1573 tul.
314 1501 408 1576 bibl
423 1506 514 1606 Reg.
531 1505 645 1579 Puris.
662 1530 699 1576 n.
720 1503 805 1600 778.

61 1611 156 1701 1485
182 1615 371 1706 Catullus,
389 1617 577 1707 Tibullus,
593 1619 824 1719 Propertius,
848 1642 933 1690 curn
959 1620 1158 1690 comment.

235 1736 312 1804 ant.
325 1734 504 1824 Venetiis,
517 1721 578 1807 fol.
588 1735 816 1806 Memoratur
831 1757 854 1804 a
867 1732 1056 1806 Maittorio
1070 1730 1114 1799 Τ.
1125 1730 1158 1816 l,

235 1849 276 1920 P.
295 1849 321 1920 l.
338 1875 374 1948 p.
392 1849 486 1948 469,
504 1847 566 1922 sed
582 1871 796 1948 perperam,
822 1871 909 1920 curu
934 1845 978 1920 de
1004 1845 1160 1918 editione

242 1963 337 2055 1475
356 1981 491 2040 excusa
508 1985 614 2066 agere
632 1959 751 2036 vellet.

59 2115 159 2146 .·.....
183 2063 265 2148 Val.
278 2074 413 2148 cauni
427 2083 701 2177 poematorum
715 2074 860 2148 scholiis
873 2073 959 2146 Ant.
976 2071 1163 2148 Parthenii

234 2188 391 2278 Laoisii,
408 2189 572 2278 Brixiae,
591 2188 651 2262 fol.
717 2189 822 2280 Quae
838 2187 950 2260 editio
967 2211 1065 2260 anno
1083 2213 1158 2286 seq.

236 2299 366 2374 iuncta
381 2301 524 2376 videtur
540 2302 688 2377 Tibullo
706 2307 744 2375 et
758 2302 959 2402 Propertio.

65 2411 160 2500 1486
188 2414 358 2490 Catullus
375 2442 460 2491 cum
478 2420 752 2492 commentariis
768 2417 954 2491 Parthenii
981 2415 1062 2512 (xl
1077 2415 1161 2488 Kal.

238 2531 357 2628 Maii)
390 2533 560 2608 Tibullus
587 2557 673 2609 curn
697 2532 973 2610 commentariis
1007 2531 1162 2628 (XVlll

240 2645 323 2720 Kal.
341 2646 476 2744 Febr.)
504 2649 712 2749 Propertius
729 2673 816 2722 cum
833 2648 1004 2724 brevibus
1030 2647 1157 2721 elucu-

238 2758 468 2866 brationibus
493 2761 624 2858 (XVII
648 2763 731 2838 Kal.
757 2763 901 2866 April.)
927 2764 1071 2838 Brixiae
1098 2788 1163 2863 per

243 2877 399 2950 Bobium
423 2877 467 2952 de
491 2879 642 2953 Borrinis
666 2881 710 2955 de
734 2879 920 2980 Ragmu,
940 2880 999 2954 fol.
1018 2880 1165 2956 Lauda·

232 2976 458 3094 lnr'vulgo:
483 2994 567 3068 Cet.
591 2995 676 3072 Tib.
701 2995 809 3096 Prop.
834 3019 919 3070 curn
944 2995 1166 3071 elucubrati.
1191 3067 1196 3076 .

243 3107 394 3182 nomeu
419 3105 601 3183 Calderr'm'
623 3110 844 3186 stallorum
871 3111 930 3210 (v.
957 3111 1050 3186 Bibl.
1076 3109 1167 3212 neg.

244 3209 356 3294 Paris.
372 3245 408 3322 p.
426 3221 510 3318 287.
527 3247 564 3296 n.
585 3225 697 3326 779).
724 3223 794 3300 Sed
810 3224 961 3298 Domitii
981 3222 1168 3298 Calderini

248 3341 358 3408 notre
374 3340 520 3410 tanturn
537 3339 680 3411 suntin
697 3333 803 3440 Prop.
829 3339 927 3416 Vidit
943 3337 1168 3441 exemplaria

246 3448 302 3520 Cl.
329 3449 472 3551 Heym,
498 3452 536 3523 in
558 3451 692 3552 quibus
710 3453 851 3530 diverso
869 3452 992 3528 ordine
1014 3477 1052 3528 se
1072 3455 1169 3526 exer.
1280 3472 1284 3488 ’

249 3569 377 3665 petent
394 3565 619 3667 pnrticrrlae3
645 3569 684 3642 in
701 3568 801 3664 eliis,
819 3568 917 3668 quod
933 3571 1025 3644 etin
1040 3570 1182 3662 ceteris
1268 3569 1275 3582 '

248 3684 408 3780 antiquis
420 3676 498 3756 edd.
512 3707 620 3786 saepe
634 3673 793 3773 lacrum,
811 3684 1021 3786 Propertius
1034 3682 1169 3757 deerat.

249 3795 354 3870 llaec
379 3795 487 3870 editio
512 3798 588 3870 iam
612 3819 765 3872 excussu
782 3797 852 3872 fuit
868 3821 892 3870 a
907 3793 1170 3870 Brouolrhusio.

253 3909 434 3982 Convenit
459 3911 534 3984 eius
559 3909 668 3984 lectio
693 3905 766 3985 fere
791 3931 876 3984 curn
902 3909 1099 4000 Romana,
1130 3915 1173 3983 ut

255 4021 404 4096 tontum
418 4045 499 4096 non·
510 4047 556 4096 ex
571 4045 617 4096 eu
633 4021 815 4123 descripta
829 4021 939 4096 videri
958 4027 1084 4125 possit.

80 4133 172 4234 1487
202 4135 393 4224 Tibullus,
411 4133 597 4228 Catullus,
614 4137 834 4237 Propertius.
871 4137 1040 4238 Impressi
1056 4141 1173 4214 Tene·

254 4250 334 4336 tiis,
353 4273 417 4349 per
433 4250 616 4336 Andrenm
629 4251 674 4324 de
685 4249 974 4326 Paliboscln'obr's
992 4253 1169 4328 Catanen·

256 4385 355 4451 sem,
371 4359 431 4436 iol.
472 4363 524 4438 De
542 4365 613 4440 hac
630 4365 808 4458 editione,
827 4389 923 4465 quae
939 4385 984 4440 ex
1000 4369 1177 4468 superiori

176 4489 323 4564 CATUL.
341 4489 458 4567 Corin.
956 4519 977 4574 o
