3000 5108
468 307 644 366 ornum
676 307 781 369 an.
905 289 911 297 '
1087 277 1175 409 169

63 515 145 586 Nec
164 509 315 582 mirum:
332 512 414 580 tota
432 505 576 606 penitus
594 530 690 603 quae
707 514 830 582 mente
846 507 1029 584 laborent.

64 628 145 698 Nos
163 623 234 695 alio
251 626 411 709 mentes,
431 619 502 692 ulio
523 619 708 694 divisimus
726 642 844 694 aures.
1133 625 1176 693 15

64 741 154 810 Iure
171 737 281 837 igitur
298 735 498 808 vincemur.
534 733 647 806 Amet
663 735 816 808 victom
833 757 974 808 curum.

64 853 194 942 Quare
211 871 309 924 nunc
326 849 469 922 animos
489 845 622 922 saltem
639 847 860 922 committite
877 853 1035 920 vestros:

64 967 198 1037 Dicere
214 966 291 1036 iam
308 962 504 1064 incipient,
521 963 597 1036 iam
614 963 831 1064 respondere
849 961 1008 1035 decebit:

64 1083 216 1178 Hymen
233 1102 255 1152 o
273 1079 509 1174 Hymenaee,
528 1075 679 1174 Hymen
696 1078 820 1153 adeso
837 1077 1062 1176 Hymenaee.

533 1207 710 1266 rvutmt.
1160 1267 1164 1276 ,

119 1308 302 1408 Hespere,
321 1305 386 1404 qui
403 1305 506 1380 coelo
524 1305 640 1380 fertur
657 1306 838 1382 crudelior
853 1306 970 1408 ignis?
1129 1335 1178 1384 20

66 1422 143 1512 Qui
162 1425 290 1493 natam
306 1419 421 1520 possis
438 1419 635 1520 complexu
652 1419 809 1496 avellere
824 1420 974 1510 matris,

66 1531 276 1632 Complexu
293 1533 420 1606 matris
437 1535 656 1608 retinentem
674 1535 828 1609 avellere
846 1541 1001 1620 natam,

67 1651 118 1720 Et
134 1649 256 1720 iuveni
272 1647 412 1720 ardenti
428 1655 570 1722 castam
588 1651 724 1724 donare
743 1649 927 1752 puellam?

67 1763 170 1856 Quid
182 1761 321 1837 faciant
337 1765 459 1836 hostes
478 1771 586 1866 capta
605 1763 787 1838 crudelius
804 1755 929 1838 urbe?

66 1881 220 1976 Hymen
238 1904 260 1952 o
279 1875 509 1978 Hymenaee,
529 1879 674 1978 Hymen
690 1877 775 1954 ades
793 1906 815 1954 o
830 1871 1053 1978 Hymenaee.
1128 1878 1176 1956 25

104 2185 142 2236 V.
163 2195 200 2248 ry.
218 2185 355 2236 commite
371 2195 470 2236 vestros
486 2183 600 2238 Vossius.
651 2184 683 2238 V·
701 2201 741 2238 so.
758 2183 900 2254 prismeio
917 2199 1054 2256 psrperrrn
1070 2187 1099 2238 iu
1116 2187 1174 2258 qui-

73 2265 207 2326 busdum,
224 2283 288 2318 usur
303 2266 453 2334 saepissime
469 2283 485 2316 s
502 2263 579 2316 bonis
596 2263 768 2334 scriptoribus
784 2269 828 2332 qui
845 2279 893 2335 pro
909 2269 966 2335 qutr
983 2267 1098 2336 positus.
1121 2266 1177 2320 rid.

69 2347 290 2400 &ademisset
307 2345 340 2400 sd
357 2345 414 2398 Liv-
432 2345 455 2406 l,
474 2359 490 2409 7
507 2345 539 2398 ttd
557 2344 651 2396 verbs:
670 2349 827 2414 rogitatque*
843 2351 883 2397 vir
899 2361 971 2398 esset.
988 2347 1054 2400 udde
1066 2347 1176 2400 Duolcr.

70 2425 108 2479 sd
127 2425 232 2478 Florum
249 2426 276 2492 1,
292 2441 315 2478 c.
338 2431 366 2480 ¹8
383 2435 409 2476 et
427 2425 553 2477 salom
571 2425 604 2476 etl
618 2425 686 2476 l’lin.
701 2425 824 2494 panegyr.
837 2443 858 2478 c.
871 2437 911 2490 74.
923 2445 950 2496 p.
962 2426 1019 2478 3⁶6.
1033 2442 1081 2496 pro
1085 2427 1178 2498 finio·

71 2509 104 2560 in
123 2507 260 2560 nonnullis
276 2515 360 2558 exsut
377 2507 459 2570 bost,
483 2504 554 2574 quod
572 2501 640 2556 haud
658 2501 736 2556 dubie
753 2521 782 2556 er
802 2523 827 2556 v.
847 2509 889 2556 ιθ.
911 2507 1042 2558 introsum
1065 2517 1113 2561 sst.
1128 2507 1180 2560 'reri

71 2585 299 2656 quemadmodum
320 2586 350 2638 iu
370 2585 419 2638 hoc
439 2600 513 2638 versu
534 2583 600 2635 latret
617 2583 711 2637 melius
731 2585 855 2638 convenit
876 2593 909 2656 τῷ
930 2587 1074 2653 tumidior,
1094 2587 1131 2638 its
1148 2587 1178 2638 in

116 2843 160 2906 V.
184 2847 229 2918 ri.
243 2841 306 2904 Nec
320 2847 448 2915 mirum,
467 2839 498 2902 h.
514 2861 540 2901 e.
554 2861 612 2902 neo
649 2841 785 2924 Euripid.
799 2841 952 2905 Phoeniss.
962 2866 990 2907 r.
1003 2845 1070 2926 728.
1081 2849 1106 2900 ro·
1118 2851 1179 2900 ναῖεν

73 2925 192 2986 mirum
202 2925 276 2986 adeo
287 2923 384 2985 rideri
394 2923 496 2996 debet,
511 2924 534 2982 si
545 2943 613 2982 me-
649 2926 687 2988 ι’ςί
698 2933 742 2978 πᾶν
753 2929 863 2992 εὐβουλία.
951 2938 957 2944 ·

71 3005 227 3068 morabile
244 3005 316 3089 quid
335 3001 491 3088 profertur
510 3003 611 3078 abiis,
690 3007 731 3064 V.
765 3027 808 3088 17.
836 3009 1011 3068 committite
1033 3004 1181 3068 nimirum

71 3109 155 3170 quse
173 3085 546 3148 totosnimoetomnibns
560 3085 613 3145 in—
649 3101 720 3146 cum
747 3085 916 3168 puellarum
941 3087 1064 3160 animis,
1094 3087 1123 3145 b.
1152 3108 1179 3148 c.

70 3171 168 3231 tentis
182 3170 295 3230 viribus
309 3171 340 3228 in
355 3190 392 3228 eo
405 3168 550 3228 laborant.
649 3169 838 3248 componite3
851 3167 1025 3228 truuslntum
1039 3190 1055 3226 u
1070 3167 1180 3308 pladit-

118 3251 162 3310 V.
188 3251 231 3310 15.
251 3253 315 3310 Nos
328 3251 391 3310 ulio
406 3263 532 3321 mentes,
549 3249 611 3307 alio
647 3249 780 3321 toribus,
799 3249 852 3331 qui
869 3252 1015 3310 coormitti
1034 3271 1068 3309 re
1092 3271 1180 3310 com-

71 3329 613 3412 divr's.uur.uoreliisrobus,quibus
645 3335 799 3416 porticum
810 3331 1183 3392 adversariisdicelnntur.

71 3411 167 3473 simul
186 3429 272 3472 sures
291 3421 321 3472 et
334 3413 467 3471 unimum
482 3411 613 3492 praebe-
690 3413 730 3472 V.
746 3433 794 3474 20.
808 3415 861 3496 qui
870 3433 931 3554 pro
944 3416 1019 3494 quis.
1036 3411 1097 3473 vitl.
1108 3413 1182 3471 Van.

73 3515 167 3567 mus,
187 3491 315 3553 districti
335 3501 366 3552 ot
385 3491 504 3554 distenti
526 3503 613 3552 tcno-
651 3495 734 3554 Leot.
738 3495 853 3577 fertur.
893 3515 941 3555 .o.
953 3491 1099 3565 volvitur,
1117 3492 1182 3553 oir-

73 3597 160 3636 mur.
182 3578 302 3634 unimus
322 3575 450 3648 divisus,
475 3573 613 3669 quiplu*
650 3575 827 3636 cuml'crtur.
1124 3620 1127 3628 .

72 3659 163 3719 ribus
177 3657 268 3717 rebus
281 3664 311 3716 et
324 3655 554 3736 cogitationibus
564 3675 614 3715 eo-
690 3659 730 3716 V.
748 3679 796 3715 21.
813 3657 858 3716 Ei
873 3655 1005 3716 instituta
1020 3673 1180 3737 computu*

73 3739 147 3800 dem
164 3747 302 3818 tempore
316 3747 490 3818 occupatur.
501 3735 612 3816 virgil.
650 3735 731 3796 tione
746 3759 814 3798 cum
831 3737 898 3798 loco
907 3737 1059 3798 simillimo
1070 3737 1099 3796 in
1113 3733 1185 3818 Epi-

72 3821 207 3882 Aoneid.
223 3819 318 3894 Vlll,
332 3841 360 3877 v.
375 3841 423 3880 20.
437 3819 616 3900 Atqusnni·
650 3817 721 3876 tbnl.
743 3819 799 3878 lul.
819 3827 849 3878 et
868 3818 960 3880 Monl.
982 3841 1009 3880 r.
1031 3819 1081 3880 56.
1102 3833 1183 3900 seqq.

72 3924 161 3962 nrum
192 3899 317 3962 celerem
346 3923 424 3960 nunc
452 3901 509 3959 buc
533 3921 611 3959 nunc
651 3921 712 3958 non
723 3899 786 3959 sinc
796 3899 946 3983 voluptate
958 3899 1185 3973 animadvertes,

72 3983 191 4044 dtidtr
223 3981 304 4042 illuc.
353 3976 500 4042 similiter
534 3979 615 4062 opud
651 3981 882 4076 quampulchre
903 3979 1180 4041 eamdemsentena

72 4061 170 4127 Ovid.
192 4061 316 4124 Hemrd.
335 4085 363 4122 v.
382 4063 449 4136 443.
471 4081 554 4122 mens
568 4063 615 4120 bi·
651 4069 722 4122 tram
733 4071 820 4144 po'ttu
831 4063 998 4124 variaverit.

100 4147 194 4206 artito
210 4159 288 4205 secta
304 4143 415 4205 dicitur
429 4145 466 4206 de
488 4163 542 4218 eo,
564 4143 616 4227 qui
692 4141 733 4202 V.
747 4165 796 4202 22.
810 4147 982 4205 retinentem
997 4139 1139 4207 sc.se.l1.
1154 4161 1179 4200 e.

67 4169 166 4290 binas
180 4225 270 4287 simul
285 4235 362 4285 amat
372 4225 492 4306 puellos.
653 4223 867 4304 reluctantem,
881 4245 968 4309 segre
981 4245 1011 4286 se
1027 4215 1113 4288 uselli
1126 4243 1185 4306 pa-

120 4311 166 4370 V.
188 4315 233 4368 rb.
250 4309 544 4369 Aristomenem.
564 4307 616 4369 Sic
653 4307 788 4368 tieulem.

184 4413 325 4489 Crout.
344 4415 463 4491 Carm.
