3036 5114
334 325 439 390 XVlll
494 315 497 326 '
573 327 711 387 INDEX
745 323 982 404 EDITIONVM
1016 323 1196 383 curvum

513 530 690 604 Brixiensi
708 527 865 629 repetita
881 533 956 615 est,
974 526 1138 626 repetitis
1152 546 1298 626 quoque
1313 523 1442 597 iisdem

514 643 807 731 commentariis,
830 640 957 714 Editor
974 639 1153 712 Cantabr.
1176 639 1358 726 Tibullus,
1385 641 1441 711 iu-

513 760 613 858 quit,
630 751 722 830 enno
740 755 967 854 14871'nquo
983 767 1101 830 nutem
1113 781 1206 831 nnno
1219 754 1380 828 Catullus
1393 761 1444 826 stt

512 881 726 973 impressus,
743 873 839 944 nullu
843 866 897 965 fit
913 874 1053 946 nuntio.
1094 871 1165 946 Sed
1181 871 1392 946 Moittarius
1407 871 1445 942 id

481 1082 484 1088 μ
517 987 679 1061 delinivit
695 985 719 1058 l.
733 1011 764 1057 c.
779 1011 815 1085 p.
829 983 902 1071 484
918 985 1052 1085 etipse
1064 1009 1123 1058 res
1138 983 1443 1084 docerepoterat:

515 1102 578 1176 Ex
589 1103 788 1198 signaturis
807 1096 861 1194 (s.
869 1098 937 1198 g.)
952 1125 1105 1198 quumm
1116 1097 1205 1174 naec
1217 1099 1314 1172 illam
1328 1103 1446 1197 sequi-

516 1227 593 1302 tur,
621 1225 781 1302 constet,
807 1213 987 1286 Catullum
1008 1213 1053 1288 ab
1072 1213 1192 1289 eodem
1207 1209 1444 1312 ,typographo

351 1373 354 1381 ·
512 1347 547 1408 et
579 1357 671 1403 anno
705 1330 826 1404 eodem
859 1355 1068 1428 expressum
1085 1331 1240 1426 sru'sses
1279 1333 1444 1429 quumvis

518 1444 741 1547 typographi
761 1458 795 1518 et
816 1449 904 1516 anni
921 1445 1094 1518 indicium
1115 1447 1166 1519 nd
1186 1447 1318 1520 Tibulli
1333 1445 1446 1520 solius

517 1561 651 1636 calcem
666 1557 875 1656 adportetur.
913 1560 956 1632 ln
974 1559 1054 1632 aliis
1071 1558 1342 1660 exemplaribus
1355 1559 1446 1630 Pro·

518 1675 679 1776 pertium
693 1673 834 1761 deesse,
848 1698 894 1747 ex
906 1673 1033 1748 eodem
1046 1677 1234 1749 Maittario
1246 1681 1368 1776 patet,
1381 1673 1448 1748 ubi

500 1843 502 1852 .
521 1790 656 1863 omisso
672 1789 881 1888 Propertio,
896 1795 1044 1862 tantum
1061 1789 1251 1864 Tibullum
1266 1797 1304 1865 et
1316 1791 1448 1864 Catul-

522 1900 601 1975 lum
619 1907 803 1974 memorat
817 1902 916 1974 huno
934 1903 972 1974 in
990 1902 1163 1977 modum:
1189 1904 1348 1978 Tibullus
1365 1931 1449 1976 eum

516 2019 778 2088 commentariis
800 2039 866 2112 per
890 2013 1007 2090 Andr.
1022 2017 1066 2092 de
1083 2017 1331 2092 rarescentis
1357 2015 1447 2114 (ita

452 2191 454 2197 Α
520 2127 648 2200 vitiose
665 2125 847 2228 appellnt,
860 2128 905 2202 in
923 2131 1042 2205 indice
1059 2157 1145 2206 vero
1168 2133 1213 2206 de
1237 2130 1444 2204 Paltnscbi-

521 2244 616 2338 sois)
631 2245 671 2316 X
673 2243 764 2314 VIII
777 2245 858 2318 Kal.
871 2245 950 2350 Ion.
988 2247 1038 2320 Et
1051 2248 1211 2322 Cotulbts
1223 2271 1306 2335 oum
1318 2273 1449 2320 comm.

523 2357 611 2431 Ant.
638 2357 827 2432 Parthenii
850 2361 989 2436 Lanstt
1015 2361 1237 2436 Veronensis.
1323 2359 1449 2433 Minus

413 2477 416 2484 “
522 2477 696 2544 accurate
710 2475 748 2544 in
760 2471 923 2573 Append.
939 2473 1059 2546 Catnl.
1072 2472 1166 2548 Bibl.
1180 2471 1292 2574 bugd.
1307 2498 1342 2572 p.
1358 2471 1444 2543 513.

524 2587 709 2675 Catullus,
733 2585 913 2678 Tibullus,
930 2589 1137 2688 Propertius
1154 2585 1322 2661 Beroaldt'
1337 2584 1448 2656 huius

523 2701 611 2774 anni
627 2707 870 2774 memoratur:
884 2727 972 2776 num
987 2701 1078 2776 ised
1094 2728 1155 2786 un.
1172 2706 1261 2802 1491
1283 2704 1445 2802 spectat,

520 2818 706 2891 utstatim
726 2815 942 2891 videbimus.

313 3007 316 3018 ,
354 2937 440 3034 ¹49¹
470 2926 666 3015 Tibullus,
685 2927 873 3018 Catullus,
897 2933 1107 3033 Propertius
1124 2956 1210 3006 curn
1233 2933 1450 3004 commenu.

525 3043 774 3140 (Bennrdini
792 3043 998 3120 Veronensis
1015 3049 1055 3120 in
1071 3047 1283 3136 Tibullum,
1299 3045 1453 3119 Antonii

524 3157 714 3232 Parthenii
739 3158 776 3232 in
803 3157 1016 3247 Catullum,
1039 3165 1077 3232 et
1100 3160 1193 3234 Phil.
1218 3159 1390 3233 Beroaldi
1413 3161 1452 3230 in

526 3271 781 3371 Propertium)
796 3274 976 3362 Venetiis,
992 3271 1052 3346 fol.
1091 3274 1195 3346 Mera
1211 3277 1268 3346 est
1282 3274 1452 3372 repetitio

528 3387 696 3462 editionis
713 3391 883 3464 Venetae.

356 3505 450 3606 1493
474 3501 663 3592 Tibullus,
682 3501 870 3591 Catullus,
893 3504 1103 3602 Propertius
1125 3527 1212 3578 oum
1232 3508 1456 3577 commenti.

526 3616 738 3693 bernardini
765 3618 999 3708 Veronensis,
1025 3619 1113 3692 Ant.
1134 3619 1340 3709 Parthenii,
1358 3621 1453 3693 Phil.

526 3729 704 3812 Beroaldi.
730 3731 951 3831 Impressum
966 3756 1031 3832 per
1042 3733 1241 3829 symonem
1253 3733 1458 3830 Bevilaqun

524 3846 753 3944 Papiensem.
796 3847 942 3934 Venet,
968 3844 1029 3918 iol.
1077 3847 1182 3947 Nove
1206 3851 1263 3923 est
1288 3847 1459 3945 repetitio

522 3960 692 4032 Venetae.
719 3957 790 4031 Sed
804 3964 842 4034 et
855 3961 950 4036 inter
962 3955 1190 4042 incunabula
1205 3959 1293 4040 artis
1307 3963 1396 4058 typo
1405 3983 1461 4056 gr.

523 4073 563 4146 in
586 4073 679 4149 Bibl.
705 4074 916 4148 Uffenbaeh.
942 4076 1041 4160 univ.
1066 4075 1111 4147 T.
1135 4075 1190 4162 ll,
1217 4100 1302 4174 app.
1322 4100 1357 4174 p.
1390 4075 1461 4148 135
1502 4168 1504 4170 ,

527 4191 726 4288 separatim
743 4189 907 4266 refertur.
992 4231 995 4239 «

356 4309 448 4402 1494
475 4301 611 4408 Calull.
638 4328 723 4378 curn
751 4328 886 4382 comm·
908 4268 1066 4379 Pallbdii
1083 4304 1216 4396 Fusci,
1236 4309 1382 4396 Venet,
1400 4305 1449 4378 sol
