2992 5116
291 261 385 358 216
619 294 658 356 o.
681 295 850 356 vesunu
883 295 1063 353 curvum

290 492 471 568 Omnibus
486 491 541 566 bis
557 489 687 567 Thesei
706 493 849 570 dulcem
867 492 1094 598 praeoptarit
1111 492 1300 568 amorem?
1322 517 1394 570 reo

290 609 366 684 Aut
383 617 425 683 ut
440 615 546 683 vecta
562 611 652 684 ratis
670 637 843 714 spumosa
861 611 908 685 ad
925 611 1050 684 littora
1065 609 1178 684 Diae?

288 723 366 798 Aut
384 727 425 796 ut
441 747 526 796 eam
542 724 637 798 tristi
655 724 862 801 devinctam
880 724 1020 799 lumina
1038 747 1167 796 somno

288 837 455 936 Liquen't
473 839 678 914 immemori
694 837 880 916 discedens
898 847 1046 942 pectore
1064 837 1220 914 coniux?

291 949 409 1050 Saepe
424 949 526 1027 illam
542 953 737 1052 perhibent
751 953 892 1029 ardenti
909 954 1018 1028 corde
1036 953 1217 1028 furentem

290 1065 502 1142 Clarisonas
519 1067 592 1140 imo
611 1068 742 1143 fudisse
761 1095 780 1143 e
798 1073 945 1170 pectore
961 1095 1091 1158 voces,
1327 1069 1396 1144 125

292 1181 446 1256 Actum
464 1190 680 1284 praeruptos
698 1185 839 1259 tristem
857 1185 1098 1260 conscendere
1112 1189 1276 1274 montes,

291 1298 393 1371 Unde
412 1299 529 1371 aciem
545 1301 583 1372 in
600 1300 718 1401 pelagi
738 1305 859 1373 vastos
877 1299 1110 1402 protenderet
1125 1306 1267 1374 aestus:

290 1411 391 1486 Tum
407 1413 554 1487 tremuli
573 1413 658 1487 salis
676 1415 844 1488 adversas
863 1439 1076 1514 procurrere
1094 1417 1131 1490 in
1149 1415 1268 1492 undas

289 1527 418 1602 Mollia
434 1527 595 1602 nudatae
612 1527 802 1604 tollentem
818 1529 981 1632 tegmine
997 1553 1142 1624 suraer,

291 1766 346 1814 tere
366 1765 477 1830 possunt
496 1757 630 1812 verietetie
653 1755 763 1828 cupidi!
813 1753 845 1809 V.
866 1771 921 1808 reo.
936 1753 1081 1826 praeferret
1103 1755 1132 1809 io
1157 1753 1234 1810 editt.
1261 1755 1398 1828 plurimis.

289 1837 325 1890 V.
346 1839 484 1891 122.dulct
510 1855 556 1908 pro
578 1841 648 1890 nuri
672 1839 700 1889 iu
722 1837 814 1889 Venet.
833 1835 937 1906 Grypb.
955 1835 1052 1888 liutet.
1070 1843 1097 1888 et
1113 1833 1192 1901 eliie3
1213 1835 1261 1889 sed
1279 1839 1397 1908 primum

291 1921 389 1988 ingrate
420 1927 460 1972 est
484 1919 605 1989 repetitio
629 1927 668 1974 eni
694 1916 774 1970 dulcis
796 1933 829 1970 ex
851 1934 926 1968 versu
959 1915 1141 1986 praecedeuti.
1170 1915 1267 1970 deinde
1302 1923 1397 1971 nulius

291 1999 372 2050 etiam
390 2005 495 2050 vocetur
519 2013 620 2048 romnus
645 2001 698 2048 lem
720 1997 817 2058 vietis,
842 1995 888 2066 qui
906 2009 982 2047 versu
1002 1996 1032 2046 56
1042 1994 1136 2067 sallo:
1151 1993 1350 2066 appellabunt.
1367 2023 1397 2036 -

292 2091 341 2146 pro
359 2077 500 2128 devinctum
518 2073 639 2127 nonnulli
654 2077 775 2126 devinam
788 2091 842 2126 uon
856 2073 937 2140 male5
955 2073 1052 2126 lumina
1071 2075 1143 2126 enlm
1159 2083 1185 2128 et
1202 2091 1300 2126 somno
1317 2081 1398 2124 visura

292 2159 403 2226 (μαλακῷ
417 2157 530 2223 olobpe'ree
547 2157 623 2227 irrep)
643 2160 670 2206 el
691 2159 759 2205 victl
776 2163 844 2207 recle
861 2152 993 2206 dicuntur·
1010 2149 1064 2206 rid·
1080 2151 1175 2212 Herm
1192 2153 1227 2204 nd
1244 2151 1348 2206 Tibull.
1369 2153 1397 2211 l.

291 2252 317 2288 2.
327 2253 353 2287 ι.
365 2235 475 2290 Obserr.
488 2255 513 2308 p.
528 2239 565 2286 1⁵.
574 2233 638 2287 edit.
650 2251 709 2287 nov.
722 2243 749 2286 et
760 2233 860 2286 ibidem
877 2233 1030 2286 Bromiskos·
1048 2241 1185 2304 peccemut
1200 2241 1290 2286 entem
1312 2236 1340 2285 in
1360 2235 1398 2284 liis

291 2305 397 2370 duobos
419 2314 596 2386 permutandis
617 2314 703 2367 verbis
726 2313 825 2367 librarii
843 2333 919 2384 saepe
936 2313 990 2368 rid.
1007 2333 1071 2386 quos
1087 2313 1176 2370 leudet
1193 2314 1399 2368 Draekendorrl.

293 2395 328 2448 ed
344 2395 393 2450 sil.
410 2395 470 2448 Iul.
485 2394 539 2462 Vl,
556 2393 616 2462 384.
631 2402 658 2448 et
674 2391 708 2447 ed
724 2393 783 2447 Lir.
799 2395 835 2457 V,
853 2405 894 2462 44.
912 2395 989 2448 Tom-
1006 2391 1050 2458 11,
1069 2414 1095 2467 p.
1116 2407 1171 2466 194.
1187 2405 1215 2449 et
1230 2396 1267 2450 ed
1284 2397 1342 2465 11,
1360 2402 1399 2453 30·

292 2592 391 2668 (quae
418 2605 535 2648 summo
561 2585 668 2646 effectu
700 2585 847 2668 obrepta·
903 2587 943 2649 V.
968 2609 1033 2650 m.
1052 2609 1158 2650 mnino
1177 2592 1258 2650 tristi
1270 2589 1311 2650 cf.
1327 2590 1401 2650 Ver.

292 2665 399 2728 multus
418 2667 459 2728 ob
477 2667 615 2728 miserem
636 2668 727 2728 liliam
746 2669 824 2730 ludit
863 2669 948 2729 Lect.

291 2749 451 2826 lacrimas)
491 2748 665 2830 relinquens
703 2749 822 2812 dulcem
904 2751 944 2809 V.
972 2750 1036 2811 126.
1059 2749 1274 2823 conscendere,
1305 2771 1399 2832 prae-

292 2830 402 2892 'l'beeei
436 2851 569 2890 amorem
605 2829 649 2889 bis
683 2832 823 2894 omnibus
863 2830 986 2891 teritum
1007 2831 1118 2914 excipit
1143 2851 1297 2912 praesensa
1325 2855 1402 2926 quae

292 2911 411 2994 (patri,
426 2913 514 2972 matri
528 2921 557 2971 et
571 2911 690 2983 sorori)
705 2913 822 2991 (hera)
863 2922 1035 2994 temporum
1067 2913 1193 2973 mutatio
1226 2911 1404 2973 admittitur

291 2991 369 3055 lectu
388 3003 418 3053 et
434 2993 595 3134 truntp'uillo
612 2993 714 3086 animo
732 3015 823 3074 prae·
864 2993 984 3087 optimis
1008 2993 1174 3076 quibusque
1196 2993 1404 3075 scriptoribus

291 3074 373 3135 fem
386 3096 449 3135 non
463 3075 504 3134 du
528 3083 651 3135 {tarent
668 3107 688 3120 -
704 3079 823 3155 genito-
863 3075 924 3134 rid.
935 3077 1008 3136 Cort
1026 3073 1064 3135 ud
1071 3075 1403 3156 Sulustlugurtlraeap.

291 3157 451 3215 rievultnm
461 3154 685 3237 elegenterpro:
692 3171 822 3238 patrem
868 3157 987 3296 1356.
999 3152 1137 3296 inprimis
1150 3157 1399 3218 Droclenborclr.

291 3235 522 3297 iucundissimus
540 3237 621 3296 enim
640 3235 742 3298 liberis
761 3259 822 3299 esse
863 3237 902 3296 ed
943 3237 981 3298 ir.
998 3235 1028 3296 ll
1052 3237 1269 3312 ‚db'l'omh
1310 3239 1399 3318 73¹·

291 3316 382 3378 debet
405 3319 497 3402 putris
517 3318 674 3400 adspectus
694 3351 714 3364 -
738 3319 823 3380 Con-
864 3259 1402 3398 etClarkmdllomerdliadlimdy.

291 3421 347 3460 san
376 3402 430 3459 cin.
473 3401 611 3484 comples.
650 3409 681 3461 et
714 3403 823 3462 matris
905 3402 944 3460 V.
970 3421 1035 3482 ¹²7·
1061 3399 1147 3464 Unde
1167 3401 1264 3459 aciem
1284 3401 1320 3459 in
1340 3403 1404 3481 pel.

291 3483 343 3541 mo
367 3481 424 3540 iter
442 3499 500 3562 pro
523 3477 667 3562 simplici:
689 3503 822 3542 sororem
864 3495 935 3542 vast.
948 3494 1029 3564 pror.
1045 3496 1116 3541 aest.
1128 3501 1252 3558 ‚omnem
1268 3501 1406 3562 prospe-

291 3571 323 3623 et
335 3577 461 3622 matrem
476 3589 497 3607 ·-
514 3564 744 3637 Consongru'neo
758 3567 822 3631 inn·
865 3571 946 3623 ctum
963 3561 1019 3622 lale
1034 3561 1138 3644 pelago
1153 3569 1281 3644 peterem
1302 3569 1341 3622 ut
1356 3563 1406 3622 lo-

290 3667 333 3712 μις
348 3657 537 3724 prosternes,
554 3663 629 3724 quae
649 3644 704 3703 l'uit
721 3643 822 3702 Plane·
865 3643 969 3727 quitur
986 3643 1070 3726 birg.
1085 3649 1158 3703 Aen.
1174 3643 1207 3716 1,
1228 3647 1293 3706 ror.

291 3722 352 3782 dra
367 3723 483 3786 -rcrba
496 3723 578 3806 Quae
589 3727 687 3784 miser.
698 3727 729 3784 in
739 3738 822 3799 gunt.
906 3727 943 3784 V.
972 3747 1036 3804 123.
1059 3727 1189 3804 tegmina
1205 3745 1296 3784 surae
1317 3733 1406 3782 recte

277 3803 391 3887 flend
402 3855 405 3860 .
429 3805 494 3868 erd.
507 3804 679 3880 commode,
691 3815 780 3888 puto,
792 3803 823 3865 in
865 3803 903 3865 de
923 3807 1042 3878 tunica,
1063 3827 1138 3900 quae
1158 3826 1247 3865 crure
1266 3804 1409 3884 tegebat,

292 3893 401 3967 parent
423 3885 463 3946 esi
479 3887 563 3970 posui
565 3889 649 3972 flere
662 3887 694 3948 in
708 3901 781 3947 nata
794 3887 822 3946 h.
865 3888 930 3948 acci
953 3887 975 3946 it
992 3887 1120 3947 Lenaeus
1141 3895 1171 3946 et
1188 3886 1217 3946 iu
1240 3886 1318 3944 banc
1336 3906 1406 3943 rem

292 3985 318 4026 e·
335 3966 460 4026 ller'eob
474 3975 590 4042 nutum,
604 3969 823 4046 irremotus
865 3967 913 4028 lau
936 3979 965 4028 at
979 3969 1233 4049 llomer.·llymu.
1247 3965 1279 4025 in
1295 3965 1408 4024 Cercr.

293 4047 397 4130 aliquo
414 4051 567 4129 srupr'rare
586 4083 607 4096 -
628 4047 692 4110 lam
718 4053 824 4110 coul'er
849 4052 894 4110 ἰ
924 4051 987 4130 rpti.
1009 4083 1029 4096 -
1052 4047 1258 4130 Reprehendit
1279 4054 1410 4128 poeum

292 4127 366 4186 Ver.
383 4125 465 4188 Leot.
479 4139 511 4190 et
524 4130 587 4214 lpse
600 4129 784 4192 delectionis
795 4141 825 4192 et
867 4133 1016 4191 Duscbius
1029 4127 1061 4189 iu
1074 4129 1154 4189 libro
1166 4125 1410 4210 supralaudato,
1423 4183 1425 4186 Α

293 4204 549 4287 interpretationis
567 4221 686 4276 nostroe
707 4211 825 4298 simpli·
867 4209 948 4294 quod
968 4231 1076 4294 parum
1091 4209 1202 4270 decore
1216 4209 1247 4268 in
1261 4205 1322 4268 boc
1336 4207 1412 4268 loco

293 4287 503 4351 eiteteiudice.
868 4291 1166 4377 agentemllriadneu
1175 4287 1348 4368 induxerit,
1357 4289 1411 4352 scd
