2992 5116
422 289 596 350 osunen
637 292 782 351 nxvm.
1058 261 1153 382 275
1215 363 1218 376 ¹

89 489 192 570 tnagis
204 489 347 558 lectorum
366 487 486 552 animos
499 489 537 548 ab
549 492 618 572 ipsa
630 511 664 558 re
684 489 729 551 ad
746 512 836 574 quam
858 491 1044 554 scribendum
1065 499 1157 574 pot'ta

89 597 274 657 accesserat,
296 585 410 644 avertit.
439 585 535 644 Nemo
555 599 634 644 certe
651 588 684 646 in
703 607 738 646 eo
758 591 907 660 carmine,
937 591 969 649 in
989 612 1047 672 quo
1065 596 1157 672 poitn

90 681 133 744 ob
152 683 301 740 internum
320 679 418 740 animi
436 678 591 751 dolorem,
612 679 729 741 nullum
746 681 840 762 plane
851 683 914 742 iam
928 705 960 744 se
978 705 1044 743 cum
1060 685 1157 744 nnsis

89 775 308 834 commwcium
328 772 437 832 nutem
445 771 583 854 sutctw,
604 772 771 854 longiorem
781 775 912 856 subulae
929 775 1087 834 cuiusdam
1107 774 1160 834 de·

91 869 285 950 scriptionem
305 877 465 948 expectat,
486 865 557 939 scd,
576 867 603 924 si
614 869 795 946 cogitamus,
808 868 953 948 fabulam
967 869 1160 928 Leodornine

92 967 140 1028 ita
156 983 219 1026 ,esse
244 974 473 1044 comparatam,
504 975 538 1032 ut
564 961 672 1024 docere
701 965 796 1046 possit
820 964 916 1036 olios,
954 986 1045 1047 quam
1072 986 1161 1048 saepe

92 1078 184 1117 antor
197 1055 438 1138 promtissimus
457 1057 635 1139 interrumpi
651 1057 763 1128 soleat,·
780 1055 915 1116 Catullus
926 1078 984 1140 pro
1000 1057 1097 1116 animi
1110 1056 1158 1116 sui

91 1147 202 1208 dolore
219 1149 252 1207 in
266 1147 352 1206 tutus
359 1147 486 1228 fabulae
498 1149 748 1230 contemplatione
757 1163 785 1208 et
794 1149 1033 1209 consideratione
1042 1150 1162 1230 acquic·

92 1245 168 1302 visse
185 1255 217 1302 et
249 1243 382 1302 utotors
406 1243 469 1302 eius
495 1245 684 1326 expositione
709 1257 771 1304 tom
798 1243 868 1315 sibi,
901 1264 993 1325 quam
1020 1243 1158 1318 Manlio,

93 1340 255 1420 interrupti
280 1339 395 1399 amoris
421 1337 528 1399 dolore
554 1337 721 1410 laboranti,
757 1336 877 1417 aliquid
904 1337 1006 1398 solatii
1022 1340 1159 1421 petiisse,

91 1432 200 1512 putari
220 1441 326 1512 potest.
353 1461 373 1474 -
395 1429 468 1511 Ipsa
476 1430 593 1508 sabula
611 1443 711 1492 autern
730 1444 793 1490 tum
813 1433 963 1509 egregium
983 1433 1016 1491 in
1039 1431 1160 1492 Caudio

93 1535 196 1582 nostro
223 1534 314 1592 nocto
333 1534 375 1594 est
394 1521 601 1605 interpretem,
624 1535 670 1596 ut,
692 1526 752 1582 sive
771 1535 956 1606 opportuno,
975 1523 1034 1580 siue
1047 1524 1162 1606 impor-

93 1631 170 1678 ttutu
191 1617 257 1676 loco
277 1617 315 1674 ab
333 1637 368 1674 eo
389 1629 520 1675 tractata
528 1617 630 1698 suisse
648 1630 817 1688 cernentur,
846 1615 1055 1696 dignacerte,
1083 1635 1162 1690 quoe

93 1710 142 1771 ad
171 1729 288 1780 omnem
309 1711 513 1791 posteritatem
537 1723 739 1791 propagetur,
771 1707 909 1767 nubenda
928 1709 975 1770 sit.
1024 1707 1161 1766 Muretus

93 1805 235 1892 quidem,
272 1805 462 1886 interponens
488 1825 573 1864 suum
593 1803 633 1864 de
655 1805 711 1863 ltoc
730 1805 865 1863 carmine
889 1803 1052 1876 iudicium,
1083 1801 1161 1884 pul·-

93 1895 251 1960 chen-imo
273 1895 414 1970 omuino,
437 1899 549 1976 inquit,
578 1895 651 1966 hoec
671 1893 772 1978 Elegia
792 1903 850 1968 ost,
874 1905 961 1976 utque
983 1893 1061 1955 houd
1080 1894 1162 1968 scio,

94 2013 137 2052 un
150 1989 210 2052 ulls
226 1987 384 2072 pulchrior
398 1989 430 2050 in
444 1991 528 2064 ouini
547 1991 652 2054 Lutinu
671 1988 774 2072 lingua
794 1990 922 2072 mporiri
942 1998 1039 2072 quent.
1079 1992 1157 2052 Nam

95 2095 128 2148 et
145 2085 239 2146 dictio
257 2084 416 2166 purissima
436 2093 496 2158 est,
526 2095 556 2144 et
575 2085 651 2145 mim
675 2083 821 2167 quosdam
840 2085 999 2146 affectuum
1020 2084 1160 2146 varietate

93 2179 243 2265 permixta
257 2179 372 2252 oratio,
392 2188 423 2238 et
436 2187 481 2238 tot
502 2178 613 2262 ubique
633 2199 750 2263 aspersu
766 2181 977 2242 verborumne
996 2181 1161 2240 sententis-

93 2299 166 2340 rum
185 2275 315 2348 luminu,
336 2283 370 2336 ut
390 2293 427 2335 ex
447 2274 506 2335 hoc
527 2295 589 2340 uuo
608 2283 746 2360 poemate
760 2275 931 2360 perspicere
945 2275 1047 2350 licent,
1067 2300 1161 2359 quan·

93 2384 160 2439 tum
174 2371 306 2434 Catullus
320 2370 427 2432 ceteris
441 2368 473 2430 in
495 2368 554 2430 hoc
574 2389 684 2451 genere
699 2369 837 2430 omnibus
850 2381 999 2452 praestare
1013 2375 1161 2454 potuerit,

93 2467 121 2528 si
141 2465 202 2528 visu
232 2463 343 2547 ingenii
364 2463 411 2524 sui
432 2461 471 2530 sd
492 2461 565 2531 illud
585 2462 785 2524 excolendum
804 2461 984 2528 conuslisset.
1009 2497 1029 2508 -
1056 2462 1158 2546 Sepu-

94 2559 188 2618 ratim
208 2559 264 2618 ltoc
284 2578 408 2617 carmen
433 2555 531 2616 edidit
550 2571 578 2616 et
597 2569 743 2640 tanquam
769 2557 917 2640 specimen
934 2559 1065 2638 suttune
1089 2561 1161 2618 erli-

95 2655 188 2716 tionis
207 2653 320 2714 Catulli
337 2655 512 2732 proposuit,
534 2649 661 2712 Celebre
681 2649 761 2732 opud
782 2653 902 2712 Batavos
923 2654 1058 2727 Nomen,
1079 2655 1160 2714 Ssu-

92 2747 194 2810 tenius
223 2746 358 2828 (Lugd.
381 2749 567 2806 Batavorum
600 2746 683 2827 1788.
705 2751 766 2819 4.)
794 2749 878 2816 cuius
904 2767 978 2810 curu
1003 2751 1036 2807 in
1061 2770 1156 2822 nouo,

93 2862 188 2926 quom
207 2837 413 2904 adornaturus
432 2851 492 2909 cst,
525 2837 656 2898 editione
675 2855 809 2922 εραῡςινε
831 2841 1021 2921 potissimum
1042 2840 1159 2900 uidetur

90 2961 147 3010 eo,
168 2951 200 3006 ut
218 2936 363 3006 librorum
379 2933 467 2994 MSS.
480 2947 508 2994 et
521 2932 686 2996 editionum
698 2934 871 3016 principum
889 2954 943 2995 usu
956 2947 984 2992 et
998 2933 1160 2994 collatione

93 3033 215 3116 spurias
235 3029 373 3090 lectiones
396 3029 547 3107 investiget
573 3041 602 3086 et
627 3027 730 3097 tollat,
758 3029 903 3106 geruu'nos
927 3041 1026 3086 autem
1047 3043 1160 3090 revocet

91 3137 125 3184 et
144 3121 324 3192 constituats
355 3141 414 3202 quo
439 3119 562 3202 quidem
588 3119 689 3186 studio
716 3139 808 3201 quam
832 3117 993 3200 praeclare
1015 3121 1072 3178 Vir
1097 3133 1162 3180 tam

89 3213 272 3276 eruditionis
291 3234 383 3304 quum
402 3213 548 3273 librorum
568 3215 659 3295 copia
677 3215 835 3280 instructus
855 3209 896 3269 de
918 3211 1039 3272 Catullo
1063 3214 1161 3270 meri-v

90 3325 180 3372 turus
199 3311 253 3380 sit,
283 3309 386 3374 dicero
411 3307 488 3370 nituit
507 3309 622 3368 attinet.
661 3307 734 3367 Non
757 3325 870 3389 porum
898 3305 991 3385 igitur
1014 3307 1046 3364 in
1073 3305 1161 3364 lriu'ns

89 3407 242 3465 carminis
261 3405 432 3465 recensione
455 3404 528 3462 iuuit
547 3424 602 3463 nos
621 3423 714 3485 opera
735 3399 890 3474 Suntenii,
922 3403 989 3472 cui,
1022 3403 1163 3465 nonnisi

89 3505 132 3562 iis
152 3503 268 3560 entissis
296 3499 485 3570 lectionibus,
517 3499 684 3582 exquibus
709 3498 786 3566 nibil
811 3499 880 3568 suni
906 3499 1054 3558 extricari
1074 3496 1163 3578 posse

91 3593 269 3664 videbatur,
291 3595 391 3652 omnis
392 3595 467 3676 sere
475 3611 495 3650 a
507 3593 590 3650 nobis
603 3591 733 3652 subiecta
745 3589 868 3660 debetur
877 3588 1011 3650 lectionis
1025 3593 1163 3658 varietus,

88 3687 159 3750 Sed
171 3707 238 3750 curn
251 3707 327 3768 opus
340 3688 394 3757 sit,
417 3687 445 3744 si
462 3707 530 3744 cum
539 3685 667 3768 fiducia
680 3685 816 3766 qttodom
836 3683 877 3744 de
893 3705 1040 3764 germana
1054 3691 1163 3764 poitue

88 3783 192 3844 nostri
219 3781 345 3848 lectione
371 3779 509 3843 iudicare
535 3793 563 3838 et
589 3781 735 3859 originem
764 3791 976 3860 corruptorum
1004 3778 1165 3840 lectionum

85 3880 257 3960 exquirere
279 3877 429 3952 volumus,
452 3889 484 3934 ut
501 3875 679 3946 auctoritas,
702 3885 828 3934 venosus
840 3885 868 3931 et
881 3873 997 3932 bonitas
1017 3871 1163 3942 librorum

85 3989 156 4036 tarn
178 3975 372 4053 scriptorum,
405 3991 496 4052 quum
522 3989 734 4052 cupressorum
761 3967 924 4048 diligenter
949 3971 1157 4040 acominetnr,

83 4085 244 4132 eteorum
264 4067 343 4126 ordo
361 4087 419 4150 pro
440 4085 495 4137 suo
515 4066 654 4144 citiusque
680 4063 751 4122 dote
769 4077 797 4122 et
816 4065 920 4124 virtute
948 4065 1160 4138 constituntur,

84 4147 156 4222 non
176 4159 364 4230 dubitamus,
380 4159 453 4238 quin
474 4159 530 4216 luis
549 4159 665 4216 critices
677 4159 709 4218 in
723 4155 903 4221 recensendo
918 4155 1039 4222 Catulla
1058 4171 1162 4244 portes

104 4251 271 4324 Snntcuius
288 4253 403 4332 egregie
422 4249 597 4332 expleturus
616 4252 663 4322 sit,
