2992 5116
137 401 140 412 Ι
283 261 375 362 366
757 293 919 362 uvrrrr

278 499 460 576 Habitant
480 501 603 576 tenelli
620 501 793 588 maures,
810 505 913 578 iocus
931 509 969 578 et
985 504 1087 605 lepor
1103 503 1272 592 habitat,

277 647 515 746 Fidiumque,
533 671 786 748 cornuumque
803 648 958 750 strepitu
973 650 1099 722 omnia
1114 655 1322 739 resonant,

277 785 428 862 Alacres
446 787 570 888 vigent
586 789 752 864 choreae.
788 789 889 864 Mala
907 789 1055 864 tristitia
1072 786 1203 889 procul

277 924 574 1026 Inamabilesque
588 953 699 1004 curae
715 929 843 1032 rapido
860 929 950 1032 pede
968 929 1122 1032 fugiunt.

276 1062 373 1136 Date
392 1062 528 1163 pocula
544 1064 617 1156 huc
635 1066 810 1160 ministri,
829 1066 955 1170 plenos
974 1067 1059 1169 date
1077 1062 1233 1158 calices,

277 1203 395 1278 Avida
411 1207 455 1277 ut
469 1203 610 1304 liquore
628 1206 687 1280 dio
704 1208 792 1282 mihi
809 1214 961 1309 pectora
977 1205 1152 1308 repleam.

277 1343 406 1418 Scelus
421 1349 517 1418 esset
531 1369 595 1421 ure
612 1349 709 1422 sicco
726 1373 833 1424 sacra
850 1349 1008 1446 mystica
1025 1349 1159 1422 facere.

277 1487 377 1578 Vah,
394 1487 486 1578 vah,
503 1493 610 1589 pater
627 1489 810 1586 lychnita,
829 1491 962 1590 quibus
979 1489 1122 1592 ignibus
1139 1487 1290 1590 agitor?

277 1632 368 1706 Mihi
386 1631 485 1706 mille
501 1631 577 1714 iarn
595 1637 681 1706 ante
699 1595 949 1707 ocellos'nova
966 1630 1106 1704 lumina
1123 1628 1289 1714 radiant,

276 1772 402 1846 Viden'
418 1778 462 1846 ut
477 1797 607 1848 namra
624 1773 738 1846 citato
757 1775 885 1884 procui
905 1775 1039 1874 impete
1056 1771 1230 1872 rapitur?

276 1915 423 1988 numus
439 1919 484 1988 ut
499 1921 658 1988 tremens
676 1915 854 2014 frequenti
872 1915 956 1990 salit
972 1922 1058 1989 acta
1075 1915 1263 2016 tripudio?

276 2057 401 2130 Novus
418 2056 514 2132 uude
531 2056 682 2160 clangor
699 2081 805 2130 aures
822 2057 932 2129 modo
950 2081 1131 2130 cornuum
1149 2055 1257 2150 terit?

277 2189 433 2281 Procul,
451 2215 474 2264 ο
491 2190 621 2293 procul
637 2193 798 2294 profani:
817 2193 905 2267 deus
922 2217 1028 2282 ecce,
1047 2191 1135 2266 deus
1153 2191 1260 2264 adest

278 2329 470 2404 Maculosa
487 2337 592 2434 terga
608 2331 778 2428 lyncum,
797 2337 834 2406 et
850 2333 1013 2436 tygrium
1030 2330 1277 2432 celeripedurn

279 2470 423 2544 Tenero
442 2469 595 2545 domans
611 2471 775 2574 flagello,
793 2474 912 2575 positu
929 2453 1098 2575 premens
1115 2472 1213 2572 iugo.

279 2613 523 2693 Rubicundus
540 2615 640 2692 hunc
657 2617 847 2719 magister,
862 2617 1056 2714 Satyrique
1073 2614 1288 2715 capripedes

279 2757 375 2860 Agili
393 2755 508 2858 gradu
525 2757 785 2856 insequuntur,
803 2759 1015 2857 thiasusque
1032 2758 1252 2850 mulierum,

279 2895 380 2970 Evoe
397 2899 523 2994 pater,
541 2893 779 2985 frementum,
797 2894 990 2970 metuende
1006 2895 1202 2985 Bassareu,

280 3035 356 3107 Ter
373 3057 396 3108 ο
414 3039 452 3108 et
469 3039 600 3132 quater
616 3033 767 3108 beatum
785 3041 852 3108 tua
870 3036 931 3134 qui
949 3033 1052 3136 orgia
1067 3034 1255 3132 sequitur,

280 3177 467 3274 Thyrsum
485 3175 645 3275 inquiete
659 3175 789 3250 dextra
807 3177 974 3274 quatiens
992 3172 1278 3256 hedericomurn.

279 3319 398 3394 Simul
416 3324 528 3422 atque
545 3319 701 3420 pulchra
718 3317 847 3392 Cadmi
864 3325 901 3393 te
919 3319 994 3392 tilia
1009 3319 1186 3420 peperit„

279 3463 448 3564 Peperit,
466 3460 528 3535 sed
545 3466 631 3533 ante
648 3465 813 3560 tempuS,
831 3459 926 3531 lovis
941 3458 1024 3559 igne
1041 3459 1192 3544 saucia,

280 3609 392 3682 Pater
408 3605 484 3706 ipse
503 3609 540 3678 te
558 3601 770 3704 alligatum,
786 3599 934 3702 proprio
951 3598 991 3672 in
1007 3601 1142 3674 femore
1160 3601 1273 3694 tulit,

279 3741 381 3816 Mala
398 3767 444 3816 ne
462 3765 622 3815 noverca
638 3721 739 3812 coelo
757 3742 794 3811 te
811 3737 1051 3838 praecipitem
1070 3741 1206 3839 ageret.

279 3883 388 3957 Dedit
404 3881 487 3955 inde
504 3888 541 3955 te
557 3878 752 3954 fovendum
769 3879 939 3979 nymphis
956 3880 1225 3980 nemorivagiS,

279 4013 371 4114 Iuga
390 4033 485 4109 quae
507 4007 665 4110 peralta
683 4009 803 4104 Nysae
819 4030 975 4108 propero
993 4008 1083 4110 pede
1101 4009 1274 4086 volitant.

281 4159 386 4249 Quae
403 4153 627 4252 ubicumque
645 4159 687 4225 tu
706 4149 850 4252 puellus
867 4149 952 4224 loca
968 4150 1095 4225 dexter
1111 4153 1259 4230 adieras
1276 4213 1290 4252 ,

280 4296 511 4392 Ubicumque
528 4293 735 4382 sessitaras,
753 4313 849 4376 nava
867 4278 1028 4392 germine
1044 4295 1171 4368 tenero
