3036 5114
316 287 492 348 XXXVIII
819 291 919 351 vm

313 493 560 566 Veronensem
591 516 701 592 porro
736 493 846 568 fuisse
876 499 1046 567 nostrum
1074 501 1250 594 poetam,
1286 497 1426 596 liquido

313 611 481 696 constat,
496 631 582 680 cuin
601 633 646 681 ex
660 609 810 697 Ovidio,
828 607 945 683 Plinio
964 610 1121 700 maiore,
1139 613 1332 702 Martiale,
1349 615 1427 687 Au·

313 722 437 807 soiiio,
455 722 676 820 ceterisque,
694 727 775 795 tum
790 724 960 824 exipsius
974 725 1206 814 testimonio,
1225 725 1289 823 qui
1306 751 1425 797 carin.

314 837 356 908 31
389 836 452 909 ubi
479 861 498 909 e
523 835 696 933 Bithynia
720 862 886 920 reversus
912 839 1131 911 Sirmionem
1157 837 1260 912 laous
1285 839 1426 914 Benaci

313 951 569 1053 paeninsulam
583 951 805 1050 adloquitur,
820 951 866 1024 ad
874 955 1008 1025 Larem
1023 952 1265 1027 domesticum
1280 955 1426 1028 salvum

311 1091 350 1140 se
368 1066 554 1140 advenisse
572 1067 718 1168 gaudet.
757 1069 875 1140 Natus
894 1073 950 1140 est
968 1069 1031 1164 (si.
1045 1069 1292 1166 Hieronymus
1309 1073 1425 1144 ratio·
1512 1085 1513 1088 ’

313 1208 399 1258 nein
417 1190 517 1257 recte
535 1181 731 1272 subduxit,
758 1171 877 1280 neque
902 1184 1045 1258 numeri
1070 1183 1108 1258 in
1134 1187 1211 1258 eius
1237 1187 1424 1262 Chronico
1512 1181 1513 1272 ,

311 1299 498 1400 depravati
518 1299 634 1390 sunt)
654 1296 884 1397 Olympiadis
905 1300 973 1392 ¹73
993 1323 1090 1371 anno
1105 1327 1148 1388 2,
1167 1301 1215 1373 ab
1229 1301 1321 1383 urbe
1336 1329 1423 1376 vero
1512 1357 1513 1378 ἦ

308 1413 457 1488 condita
474 1415 559 1508 667.
625 1413 742 1488 Lucio
761 1413 872 1486 Corn.
889 1413 1031 1503 Cinna,
1046 1415 1114 1487 Cn.
1133 1417 1291 1489 Octavio
1310 1418 1414 1492 Coss.
1512 1395 1513 1424 l

310 1527 561 1620 Quamobrem
592 1551 666 1608 non
696 1527 832 1602 iniuria
862 1507 980 1599 [ilius
1009 1529 1206 1628 Gregorius
1233 1525 1421 1627 Gyraldus

310 1647 458 1718 Petrum
476 1642 661 1716 Crinitum
686 1641 938 1740 reprehendit,
966 1642 1065 1740 qirod
1089 1643 1246 1718 scribere
1263 1671 1338 1720 non
1356 1648 1423 1720 du-

309 1756 496 1842 Iiitai·erit;
508 1783 574 1850 pro
589 1771 764 1854 comperto
783 1755 906 1827 tiberi·
913 1809 925 1842 ,
944 1781 1087 1829 carmen
1101 1757 1145 1830 de
1159 1759 1312 1832 Passere
1324 1761 1416 1834 Les-
1510 1839 1511 1846 χ

281 1939 285 1948 ,
307 1871 386 1943 ttae
398 1863 449 1942 'nd
463 1869 656 1967 Virgilium
669 1875 818 1942 missum
817 1867 963 1960 fuisse,
975 1869 1019 1941 ob
1034 1871 1124 1941 illud
1137 1871 1316 1944 Martialis
1329 1875 1387 1967 (i)
1404 1898 1415 1944 r

263 2009 267 2016 ·
308 1986 371 2060 Sia
377 1987 512 2079 forsan
529 2001 747 2058 teneruusus
762 1998 814 2058 est
832 1985 992 2057 Catullus
1024 1985 1162 2084 Magno
1175 1992 1313 2063 mittere
1326 1991 1420 2063 Pis.

308 2125 423 2174 serem
449 2101 604 2172 Maroni.
667 2101 767 2172 Nam
792 2099 986 2182 verisimile
1016 2124 1091 2172 non
1122 2105 1195 2188 est,
1228 2099 1419 2180 Catullum

307 2212 568 2312 septemdecim
601 2213 708 2288 annis
738 2215 890 2286 Marone
922 2213 1152 2316 grandiorem
1184 2215 1328 2311 (natus
1358 2225 1416 2294 est

308 2329 408 2399 enim
440 2328 569 2416 Maro,
595 2332 689 2400 teste
714 2327 941 2422 Hieronymo
966 2351 1010 2400 ac
1033 2327 1201 2417 Donato,
1224 2327 1418 2428 Olympia·

309 2439 366 2512 ilis
407 2464 472 2533 ¹77
511 2463 608 2510 anno
636 2441 685 2526 3,
715 2437 762 2515 ab
789 2439 882 2516 urbe
912 2463 999 2516 vero
1035 2439 1183 2514 condita
1217 2439 1317 2529 684,
1348 2441 1417 2513 Cn.

309 2553 484 2652 Pompeio
511 2555 665 2654 Magno,
690 2555 742 2630 M·
768 2553 910 2628 Licinio
937 2555 1072 2628 Crasso
1098 2553 1258 2654 primum
1286 2551 1418 2648 Cosa)

309 2669 424 2742 eidem
443 2669 563 2742 adhuc
575 2693 689 2770 puero
702 2673 849 2745 tantum
863 2667 1053 2758 detulisse,
1073 2675 1115 2742 ut
1131 2667 1276 2744 nonnisi
1293 2667 1415 2744 fronte

309 2787 499 2888 perfiicta,
517 2785 713 2884 animoque
728 2784 944 2874 obfirmato,
964 2783 1104 2858 adeius
1121 2783 1286 2858 tribunal
1304 2810 1415 2860 acce-

310 2901 394 2976 dere
411 2907 545 3003 posset.
587 2905 781 2976 Praeterea
800 2898 996 2992 itsorsan,
1016 2899 1114 2996 quod
1131 2905 1186 2974 est
1204 2899 1303 3001 apud
1319 2901 1419 2974 Mar-

308 3015 457 3106 tialem,
475 3015 681 3116 argumenti
700 3015 773 3086 vim
791 3013 940 3098 omnino
957 3011 1119 3114 infringit
1133 3015 1204 3108 (a).

359 3132 554 3203 Parentein
571 3127 702 3202 lialiuit
717 3125 926 3214 Valerium,
944 3149 989 3198 ex
1005 3126 1160 3202 honesta
1178 3125 1319 3202 familia
1337 3151 1421 3200 mu·

305 3239 479 3350 uiuipali,
516 3243 625 3316 cuius
661 3243 839 3332 nimirum
877 3239 1058 3350 hospitio,
1089 3239 1124 3320 si
1157 3239 1418 3338 Tranquillum

305 3645 405 3706 dicii.-
420 3637 644 3726 Nonsredam,
660 3637 836 3718 ni'si'legno,
888 3633 951 3708 Ius;
975 3655 1045 3729 pam
1069 3632 1180 3730 alioqui
1205 3655 1269 3696 riou
1295 3633 1419 3698 dixisset

309 3725 430 3788 Catulle
462 3722 536 3796 (Ex
563 3719 634 3782 edit
662 3718 781 3806 Ilipont.
808 3741 839 3804 p.
891 3717 1053 3788 Martialis,
1072 3719 1251 3800 sicjorsan:
1270 3716 1418 3802 sedquod

307 3806 396 3870 XIII.
411 3815 434 3880 ).
890 3799 1035 3860 Martialis
1049 3819 1099 3856 sua
1114 3795 1241 3892 voluerit
1255 3797 1418 3896 Epigram-

348 3931 394 3998 (ι)
414 3921 468 3984 lib‘
490 3925 518 3998 4'
540 3920 635 4004 epig*
661 3923 707 3998 ¹4⁹
889 3877 1417 4044 ppataqplueipcssplitpppp‚cptpptppunig

347 4052 393 4118 (2)
412 4041 503 4122 Quod
528 4043 673 4107 Martialis
698 4041 834 4124 scripsit,
885 4064 955 4103 curn
988 4043 1140 4112 Maroue3
1175 4041 1245 4102 licet
1272 4051 1411 4102 accurato

306 4127 357 4188 Sic
379 4129 496 4208 forsan
526 4134 587 4204 etc,
614 4125 671 4186 hoc
703 4146 765 4185 uon
797 4124 835 4184 ita
883 4121 1037 4217 quuendo
1053 4140 1116 4182 non
1137 4121 1196 4183 iiim
1216 4121 1256 4182 ita
1276 4121 1419 4215 claruerit

331 4215 406 4268 otest
419 4205 560 4288 intelligi,
579 4227 614 4266 so
631 4207 656 4266 si
675 4225 779 4266 revera
798 4205 835 4264 ad
885 4203 1052 4284 Virgilius,
1079 4224 1149 4264 cum
1175 4201 1309 4264 Catullus
1336 4224 1417 4264 scri-

305 4230 470 4374 Xirgilium
485 4287 616 4350 earmina
631 4309 697 4358 suu,
712 4287 757 4346 vel
772 4307 836 4345 oar·
886 4285 987 4358 lieret,
1011 4293 1045 4342 ut
1064 4283 1100 4344 acl
1121 4305 1191 4346 eum
1211 4283 1324 4344 misisse
1344 4303 1418 4342 car-

306 4391 376 4451 iuen
391 4371 582 4446 ilol'assere,
603 4369 719 4430 miserit
731 4367 836 4430 Catul-
887 4367 968 4430 niiua
1002 4387 1053 4428 sini
1087 4365 1172 4428 orodi
1204 4365 1305 4451 possit,
1353 4365 1417 4430 Sed
