2992 5116
307 295 401 394 272
607 301 645 360 G.
668 293 836 360 venenu
870 293 1050 358 CATVLLI

792 521 916 578 tenve.

304 619 417 720 Atqui
435 643 508 694 non
525 619 643 693 solnm
660 619 730 694 hoc
746 643 784 694 se
801 619 888 693 dicit
905 615 1093 720 cognitum
1110 617 1248 692 habere

355 736 497 824 Brixia,
514 735 706 830 Cycneeae
724 734 912 833 supposita
928 732 1118 832 speculae,

306 847 438 923 Flavus
457 871 569 948 quam
586 847 688 920 molli
705 848 885 948 percurrit
901 846 1049 920 flumine
1068 845 1190 939 Mela,

356 969 498 1055 Brixia,
517 967 679 1039 Veronae
697 969 816 1041 mater
833 969 959 1035 ainata
977 987 1099 1036 meae:

307 1079 376 1156 Sed
395 1079 438 1152 de
454 1078 686 1166 Posthumio,
703 1083 741 1150 et
757 1076 904 1149 Corneli
922 1083 1051 1148 narrat
1068 1099 1216 1166 amore,
1367 1075 1411 1150 35

279 1281 283 1289 ’
306 1296 359 1332 nno
379 1277 466 1332 Statii.
499 1277 531 1330 V.
553 1277 594 1330 31.
615 1278 698 1346 Atqui
717 1294 769 1328 non
793 1277 875 1328 solnm
896 1275 961 1328 leuno
982 1277 1028 1342 (se
1049 1276 1162 1347 impium
1183 1282 1209 1329 et
1233 1273 1408 1330 libidinosum

307 1361 427 1428 petrem)
444 1353 547 1425 Grypln
565 1355 661 1408 Mutet.
677 1353 771 1409 Greev.
804 1353 836 1406 V.
854 1355 895 1406 32.
908 1353 1024 1408 Cdineee
1036 1383 1068 1394 -
1078 1355 1176 1422 eprwln
1187 1353 1297 1408 Venett.
1310 1357 1411 1425 Gryph.

306 1434 455 1502 cantebrige
478 1434 608 1488 cinnam
623 1459 657 1474 -
672 1433 788 1505 epemlee
807 1433 923 1486 Muretus
939 1444 968 1486 et
983 1433 1049 1486 eliir
1072 1439 1189 1486 nostem
1205 1432 1353 1486 lectionem
1373 1436 1411 1486 de·

307 1517 393 1566 sendit
404 1514 526 1585 Vulpiue.
544 1514 597 1566 rid.
614 1523 671 1566 not.
689 1517 841 1581 suppositum
857 1517 885 1564 in
901 1514 1000 1584 epmla
1016 1511 1058 1566 vel
1075 1515 1248 1580 supposititiis
1265 1514 1371 1580 spemin
1387 1516 1410 1564 in

307 1596 462 1656 nonnullis,
482 1595 552 1648 houd
574 1593 654 1648 dubie
674 1613 763 1648 versus
785 1593 910 1647 fulciendi
932 1611 1028 1660 muse,
1054 1593 1099 1647 sed
1118 1591 1218 1662 syllaba
1240 1591 1350 1654 brevis,
1377 1614 1410 1645 se·

306 1676 399 1745 quenti
417 1671 518 1742 syllebn
534 1689 592 1725 curn
605 1691 633 1742 ep
650 1674 811 1744 incipiente,
829 1669 987 1744 producitur.
1005 1671 1130 1742 Exempla
1149 1672 1280 1741 congessit
1304 1671 1411 1741 Vulpinr

307 1754 341 1806 ed
362 1753 462 1806 Tibull.
481 1753 510 1814 1.
537 1759 567 1814 5,
592 1758 632 1807 28.
683 1754 714 1806 V·
745 1753 787 1808 3³.
811 1757 853 1818 34.
871 1754 925 1806 llos
955 1751 1020 1806 duos
1043 1770 1134 1806 versus
1164 1754 1272 1823 spurios
1298 1765 1328 1805 et
1353 1755 1410 1805 malr

311 1849 391 1884 niuno
413 1833 569 1902 importetoe
590 1852 662 1899 esse,
683 1831 755 1902 qood
773 1851 827 1885 non
843 1829 929 1886 solum
946 1831 1112 1884 historiarum
1129 1832 1248 1888 veritati.
1273 1831 1326 1882 sed
1338 1834 1411 1882 etiarn

308 1911 409 1981 linguoe
431 1913 527 1966 latinae
544 1915 714 1984 proprietati,
742 1920 818 1982 etque
837 1915 946 1965 omnino
968 1912 1109 1981 elegantiae
1132 1911 1230 1964 Cetnlli
1250 1925 1411 1982 repugnent,

309 1993 401 2043 erriter
417 1992 555 2043 contendit
571 1992 655 2060 Scipio
681 1989 804 2062 Mqffeiue
828 1992 857 2043 in
884 1989 974 2043 libello
1000 1991 1104 2052 Italico,
1133 2009 1211 2062 quem
1234 1989 1344 2043 edidit:
1379 1993 1411 2040 ne

308 2075 414 2134 entique
434 2069 553 2120 Veronae
568 2071 728 2136 conditione,
750 2069 796 2122 sed
815 2067 920 2123 enodem
935 2071 964 2122 in
980 2069 1057 2122 fidem
1072 2089 1145 2122 suem
1162 2069 1260 2138 recepit
1275 2077 1308 2120 et
1335 2081 1411 2120 molat

310 2169 324 2200 e
349 2148 457 2201 lllulleio
480 2146 644 2202 difficultates
668 2147 798 2218 eleganter
818 2159 845 2202 et
861 2149 937 2203 docte
954 2149 1074 2220 expedire
1091 2147 1195 2202 studuit
1211 2149 1329 2201 Paullus
1352 2151 1410 2202 Gut-

308 2227 412 2278 Ienndus
430 2227 459 2279 in
476 2227 608 2296 Opnsculo
625 2230 768 2299 inscripto:
797 2227 897 2281 Parere
913 2233 1017 2280 intorno
1034 2226 1172 2280 all’nntieo
1192 2240 1262 2280 sento
1280 2230 1411 2280 de'Ceno·

308 2313 379 2360 mani
400 2309 431 2358 ed
454 2314 480 2360 ei
503 2311 560 2360 toro
582 2308 686 2381 consini.
720 2307 864 2379 Utriusque
886 2315 1037 2377 arguments
1059 2310 1197 2379 proposuit
1219 2317 1247 2361 et
1270 2309 1411 2377 diligenter

310 2390 471 2442 examinavit
482 2390 515 2441 ed
533 2387 560 2440 h.
578 2389 595 2440 l.
608 2389 734 2460 Vulpius,
751 2391 797 2459 qui
814 2392 842 2442 in
859 2390 1017 2442 sententiam
1033 2389 1157 2444 Geleerdi
1172 2389 1315 2445 discedens
1326 2393 1413 2460 dignos

310 2470 420 2522 omuino
441 2467 488 2521 hos
509 2487 596 2522 versus
618 2468 721 2522 Catullo
743 2489 797 2522 esse
819 2488 911 2538 mogun
935 2470 1091 2524 eruditionis
1111 2479 1239 2542 apparete
1263 2482 1292 2524 et
1314 2473 1412 2525 idoneis

309 2551 469 2616 ergrrmentis
493 2549 619 2601 ostendit.
644 2565 689 2617 pro
711 2553 838 2616 perum-it
860 2550 889 2602 in
908 2568 934 2601 e.
960 2550 993 2602 33
1011 2550 1078 2606 mele
1102 2551 1196 2618 legitur
1220 2553 1249 2605 in
1272 2555 1411 2607 nonnullo

305 2635 468 2698 praenerrit,
484 2639 515 2682 nt
531 2625 607 2683 docet
624 2627 806 2700 Weeselingius
822 2631 852 2682 in
868 2630 939 2683 uotis
955 2629 1086 2684 londetns.
1127 2632 1162 2684 V.
1178 2631 1220 2684 3⁵.
1237 2631 1373 2686 Poetrrmr'i
1389 2639 1411 2686 'ur

358 2830 399 2894 V·
423 2830 471 2892 31.
493 2850 576 2912 seqq.
601 2831 725 2892 Senensi
752 2827 844 2914 trtqui
882 2831 980 2911 cipere
1003 2827 1086 2890 illiue
1107 2831 1207 2902 amri,
1236 2851 1359 2894 summo
1385 2837 1413 2892 in

310 2907 843 2973 nonhuiusnelendeelibidinistnn-
882 2911 970 2970 cottis
996 2913 1152 2972 cocunu'ne
1172 2916 1312 2994 positae,
1343 2918 1412 2986 frui*

310 3003 374 3054 turn
388 3001 494 3054 testem
508 3014 539 3054 se
553 2995 714 3074 profitetur
727 2995 842 3069 Brixis,
883 2992 1019 3052 datorem
1044 3013 1082 3052 ac
1108 2993 1297 3054 conditorem
1315 2983 1413 3090 jru‘su:

309 3076 361 3136 sed
381 3075 485 3135 cedern
504 3093 624 3158 quoque
642 3073 679 3136 de
697 3075 843 3138 adulterio
886 3073 1044 3150 eperum,
1059 3075 1145 3134 ilium
1158 3075 1283 3155 Liguris
1291 3079 1410 3154 filiurn,

309 3177 380 3217 curn
391 3156 565 3218 Posthurnio
573 3165 602 3216 et
612 3143 754 3218 Cornelio
766 3159 842 3220 iocto
883 3175 970 3236 quem
993 3156 1102 3214 Graeci
1127 3157 1264 3232 Cycnum
1283 3147 1411 3228 ⁸neroni,

308 3247 414 3298 narret
425 3271 444 3283 -
457 3237 573 3297 Brixia
585 3245 597 3308 (
604 3259 688 3299 nnnc
701 3241 838 3314 Brrscia,
883 3255 961 3316 quae
970 3237 1014 3295 nd
1026 3235 1269 3317 caesariemque
1279 3253 1412 3322 tmepore

310 3328 343 3378 ut
367 3327 451 3380 notet
473 3319 582 3378 Cellur.
607 3321 717 3400 Geogr.
739 3321 839 3403 Antiq,
881 3320 1009 3399 proprio
1022 3319 1193 3378 nominent
1206 3333 1336 3382 erectore
1354 3323 1412 3396 Cr-

309 3399 358 3471 ll,
375 3421 400 3460 e.
415 3407 464 3478 9.)
478 3421 514 3460 ca
538 3413 569 3459 ut
585 3404 680 3480 gentis
697 3401 842 3461 Cenoma·
883 3419 958 3458 cneo
981 3399 1103 3480 speculo
1127 3403 1410 3478 cognominaretur,

309 3421 842 3562 norumappellrtnreliiriollxllll,
884 3501 944 3540 non
967 3481 1113 3541 Cicironin
1131 3495 1184 3540 orit
1207 3483 1364 3552 Chium,
1386 3496 1412 3539 nt

310 3563 358 3624 30.
383 3563 573 3624 Describitur
588 3563 647 3622 iem
661 3559 761 3624 Brixia
775 3564 842 3645 pri-
883 3561 916 3619 in
935 3559 1019 3620 libris
1032 3565 1130 3622 minus
1140 3577 1284 3623 accurate
1297 3567 1413 3646 scriptis¹

310 3645 507 3717 momentu,
522 3645 842 3726 Cycnoroesnppositn
883 3645 1011 3721 reperiri
1029 3643 1112 3704 solet.
1135 3675 1155 3687 -
1177 3640 1297 3703 Collern
1320 3645 1413 3726 ipsum

309 3728 449 3807 speculae
464 3725 491 3784 h.
506 3745 532 3784 e.
548 3727 609 3786 erci
624 3725 670 3786 vel
685 3725 769 3796 colli;
789 3749 843 3807 po·
883 3721 1001 3784 Brixiae
1022 3723 1230 3785 imminentem
1249 3725 1342 3786 hodie
1362 3748 1412 3784 ro-

311 3827 418 3866 narnus
434 3809 463 3866 in
479 3807 555 3868 hanc
571 3827 634 3867 rem
645 3807 753 3880 vernn,
791 3829 843 3870 uae
884 3804 1135 3887 cariCigneo,ex
1146 3805 1259 3866 Heliae
1272 3809 1412 3890 Caprndi

310 3885 735 3968 Vulpiuscxlibelloloannis
752 3829 844 3968 Clos-
883 3887 1086 3948 Monumentis
1119 3887 1288 3948 Bri-rionis
1326 3889 1414 3949 retiut

307 3972 433 4028 eostomi
443 3973 575 4030 Zancirii
583 3971 622 4030 de
634 3971 758 4050 Origine
768 3969 845 4031 Oro·
882 3965 1017 4029 laudatus
1037 3990 1054 4028 a
1071 3967 1185 4049 vulpio
1203 3967 1336 4029 Paullus
1352 3971 1413 4028 Ga-

310 4049 428 4108 binium
451 4054 509 4109 rive
533 4053 772 4112 Cenomanorum
798 4053 843 4114 ad
883 4047 1006 4110 icardus
1031 4049 1063 4110 in
1090 4051 1350 4111 Observationihru
1373 4050 1413 4108 nd

309 4127 430 4188 Petroni
445 4131 589 4192 Benrlmm
604 4131 655 4192 lib.
669 4135 718 4202 lt,
733 4141 843 4214 proto·
879 4135 1013 4210 priscani
1037 4133 1291 4214 inscriptionem,
1318 4133 1413 4191 alrin-

309 4206 358 4269 lit:
372 4211 555 4284 Declarare,
569 4215 675 4274 scribit
685 4215 749 4288 ine,
759 4215 843 4275 nobie
882 4233 939 4293 quc
950 4215 1122 4273 Brixianae
1131 4207 1337 4294 antiquitates,
1354 4213 1415 4270 edi-

310 4293 500 4370 voloitpoe'to
514 4295 736 4377 lepidissimus,
750 4300 844 4382 prin·-
882 4297 922 4354 tis
935 4296 967 4358 in
985 4293 1257 4358 VolitnrineXXX.
1268 4296 1416 4378 Epirene-
