3036 5114
386 303 441 362 DE
475 299 628 360 uernis
662 297 853 356 Cth‘LLl.
1119 297 1168 354 ΙΝ

122 507 185 578 lll.
210 503 380 578 Succeffit
404 501 648 602 superioribus
675 499 941 590 Cboliambus,
979 502 1052 572 sire
1080 501 1169 572 Sca·

74 646 165 709 zon,
190 621 229 692 in
254 618 423 692 omnibus
447 615 675 716 praecedenti
701 617 936 705 conveniens,
955 618 983 688 si
1001 617 1092 690 duos
1109 617 1165 688 ul-

75 733 182 803 timos
199 730 307 831 pedes
324 730 502 829 excipias3
521 729 654 800 etenim
671 729 794 801 ordine
810 737 1042 829 praepostero
1060 729 1166 828 quin-

74 849 132 916 tus
148 867 214 944 pes
231 867 373 942 semper
388 848 444 915 est
456 841 621 932 iambus,
632 839 782 914 ultimus
796 867 937 942 semper
953 837 1168 942 spondaeus,

76 966 139 1034 ut:

74 1115 791 1256 tuetrtdeontdimcintdtditn'btisela

73 1391 152 1462 tloc
180 1413 295 1491 genus
319 1417 344 1462 a
367 1391 513 1464 Catrrllo
538 1390 668 1491 septies
694 1363 912 1462 adhibetur:

71 1613 171 1672 Carm.
215 1613 246 1674 8.
265 1611 361 1672 Miser
379 1611 510 1716 Catulle,
529 1611 643 1671 desinas
663 1610 798 1693 ineptire.

193 1740 246 1778 22.
264 1719 403 1780 Suffenus
422 1719 492 1790 iste,
511 1719 610 1792 Vere,
629 1739 718 1800 quem
739 1717 833 1800 probe
852 1720 942 1781 nosti.

192 1827 245 1888 31.
264 1825 523 1898 Paeninsularum,
543 1827 673 1901 Sirmio,
693 1826 926 1910 insularumque.

192 1933 246 2016 37.
266 1931 353 1994 Salax
371 1933 514 2006 taberna,
533 1955 643 2016 vosque
663 1934 897 1996 contubernales.

190 2039 242 2120 39.
262 2041 421 2121 Egnatius,
441 2039 521 2122 quod
541 2041 683 2104 candidos
703 2041 792 2102 habet
810 2042 922 2103 dentes.

192 2153 245 2222 44.
264 2149 294 2209 0
313 2147 407 2208 funde
426 2143 542 2220 noster,
562 2169 613 2208 seu
633 2148 758 2224 Sabine,
778 2170 830 2210 seu
849 2148 973 2210 Tiburs.

192 2258 244 2336 59.
263 2257 464 2320 bononienses
481 2259 559 2320 Rufa
579 2257 723 2320 Rutulum
742 2258 832 2320 fellat.

118 2497 182 2572 lv,
206 2497 342 2586 Quarti
366 2498 504 2598 generis
528 2501 584 2569 est
608 2497 809 2596 Sapphicus
824 2499 1165 2598 hendecasyllabos,

70 2612 134 2710 qui
161 2617 311 2684 constat
326 2635 346 2683 e
360 2613 552 2700 trochaeo,
569 2611 770 2710 spondaeo,
788 2611 954 2707 dactylo,
967 2619 1006 2688 et
1021 2640 1166 2688 rursum

74 2729 223 2803 duobus
248 2729 454 2818 trochaeis,
480 2733 537 2801 ut:

70 2931 144 2992 Sive
158 2931 196 2992 in
209 2931 216 2996 l
230 2933 315 2991 exne
328 2931 334 2998 Ι
348 2933 412 2992 moe
424 2929 501 3014 pene
514 2932 520 3000 1
534 2931 621 2992 tririt
633 2948 639 3015 Ι
652 2930 756 2994 ‘Indis

69 3159 307 3234 quamquam
337 3135 518 3209 interdum
551 3141 663 3236 poe‘ta
699 3133 822 3209 noster
858 3135 974 3210 altera
1010 3137 1048 3210 in
1088 3118 1174 3211 sede'

68 3249 296 3322 tmclraeum
321 3240 562 3323 collocaverit.
611 3247 788 3350 Exempla
812 3237 918 3322 sunt:

67 3449 749 3536 SeIrSilciesilgittiieprdsqdelPartbds

67 3559 172 3622 Pauca
186 3559 193 3624 Ι
208 3557 301 3618 nunti
314 3559 323 3622 t
334 3565 380 3618 ate
392 3579 441 3618 me
453 3569 460 3636 1
473 3580 507 3620 ae
520 3581 562 3642 pu
575 3561 580 3628 l
595 3559 667 3621 ellae

65 3655 775 3740 Otitnm,Celtulle,tilbimolleetumoet

66 3853 125 3928 llli
155 3857 289 3927 autem
313 3867 438 3924 versus
463 3847 651 3926 abundant
676 3856 875 3957 semipede,
907 3857 970 3958 qui
994 3859 1166 3936 absorbe·

65 3973 133 4039 tur
161 3991 188 4038 a
215 3965 337 4064 prima
362 3963 479 4036 vocali
504 3962 775 4066 subsequentis:

64 4174 207 4238 Nullum
226 4191 332 4230 amans
350 4184 437 4242 vere,
456 4167 507 4231 sed
527 4169 698 4234 idemtidem
719 4177 862 4242 omnium.

62 4283 132 4363 Qui
158 4279 247 4344 illim
268 4275 359 4360 eulpa
379 4275 500 4356 cecidit,
519 4277 599 4344 reu
617 4282 704 4364 prati.
