3010 5092
300 375 388 444 ΗΖ

293 581 399 658 Facit
414 582 559 658 delicias
576 584 826 687 libidinesque.

294 701 385 790 Quis
401 699 494 774 ullos
510 702 674 778 homines
690 705 872 780 beatiores

293 811 413 888 vidit?
431 815 512 914 quis
529 815 707 894 Venerem
723 820 1031 922 auspicatiorem?

620 384 661 444 G.
683 385 852 444 vnussuu
887 383 1069 446 cn‘rvtu

643 1163 891 1240 CARMEN
920 1167 1049 1242 XLVI.

419 1359 476 1414 ΑΙ)
509 1359 558 1414 SE
590 1361 735 1416 11³8th
769 1364 827 1418 DE
859 1363 1085 1420 AuquTv
1119 1363 1275 1418 vuum.

295 1537 396 1620 Quum
409 1561 451 1599 ex
462 1541 611 1620 Bithynia
627 1544 804 1624 provincia,
824 1543 875 1605 ubi
897 1547 978 1605 male
996 1567 1027 1604 se
1041 1546 1184 1608 lmbwut
1203 1549 1237 1606 in
1255 1549 1403 1608 comitatu

335 1637 489 1707 Memmii,
508 1639 541 1696 iu
554 1639 665 1698 Asiam
681 1652 755 1698 esset
771 1639 960 1730 prosectums
977 1641 1029 1700 rub
1045 1643 1121 1701 veris
1135 1641 1313 1714 adventum,
1338 1643 1403 1701 mi-

337 1730 478 1808 rificam,
493 1750 587 1813 quam
599 1731 672 1792 inde
681 1735 812 1815 percipit
824 1732 1007 1816 voluptatem
1024 1735 1081 1798 boc
1098 1737 1234 1798 carmine
1251 1733 1403 1798 mentis

341 1825 437 1884 Laeto
451 1825 545 1907 igitur
556 1827 659 1888 auimo
671 1827 827 1888 wntitibus
840 1826 991 1888 valedicit.

296 1948 397 2113 Iam
412 2063 475 2112 ver
492 2037 648 2142 egelidos
662 2039 773 2114 refert
788 2043 956 2138 tepores,

294 2153 377 2226 lam
393 2151 485 2226 coeli
502 2152 603 2224 [uror
620 2149 899 2248 aequinoctialis

296 2265 470 2342 lucun'dis
488 2263 646 2364 Zephyri
662 2262 795 2338 silescit
813 2265 923 2336 auris.

296 2380 531 2478 linquantur
545 2375 713 2478 Phrygii,
729 2375 898 2466 Catulle,
917 2375 1060 2478 campi,

295 2497 525 2591 Nicaeaeque
543 2513 630 2593 ager
647 2491 739 2564 uber
756 2497 960 2567 aestuosae.
1386 2497 1409 2568 5

296 2611 354 2686 nd
371 2609 490 2684 claras
506 2607 614 2682 Asiae
630 2605 798 2682 volemus
812 2607 932 2683 urbes.

337 2834 380 2894 V.
406 2857 431 2894 r.
450 2831 582 2914 egelidos
595 2846 719 2916 tepores.
732 2829 816 2914 ’ege-

296 2903 377 2978 lidus
390 2923 435 2976 est
447 2914 516 2995 gelu
525 2933 647 2997 expem,
664 2921 694 2973 et
706 2912 818 2975 dicitur

297 2995 338 3058 de
371 2995 558 3060 mollioribus
598 2995 678 3056 auris
716 2994 818 3077 primo

299 3098 372 3140 vere
385 3077 574 3162 spirantibus.
598 3076 679 3136 ilinc
692 3096 741 3136 ver
752 3098 819 3158 ege·

301 3159 399 3219 lidum
411 3157 490 3242 apud
497 3156 654 3219 Columeli
662 3157 817 3230 xanta,

299 3241 353 3300 ubi
366 3239 427 3303 rid.
442 3239 481 3300 de
493 3239 549 3300 hae
559 3259 633 3301 voce
647 3237 817 3298 Beroaldus.

289 3323 480 3406 suroroaeli
499 3320 740 3402 aequinoctiales,
763 3340 818 3380 su·

299 3401 422 3464 blimius
434 3411 465 3462 et
478 3402 651 3484 exquisitius
670 3399 709 3460 de
721 3401 819 3461 ventis

302 3483 361 3549 tub
373 3483 597 3568 aequinoctium
617 3481 754 3576 inprimis
767 3482 819 3541 iu-

300 3585 371 3629 rers
391 3573 421 3627 et
440 3563 580 3626 bacchari
599 3561 707 3634 soloin
726 3562 817 3625 vide-

298 3651 352 3709 tur
361 3647 452 3730 igitur
464 3645 610 3726 scriptum
624 3643 682 3706 hoc
696 3664 818 3705 carmen

299 3737 369 3812 poet
388 3727 617 3811 aequinoctium.
659 3725 770 3788 Statius
789 3734 819 3785 et

300 3807 352 3870 alii
384 3829 492 3892 parum
520 3807 679 3870 commode
711 3810 819 3890 aequi-

299 3891 442 3954 noctialis
461 3889 499 3950 ad
518 3893 564 3951 Ze
585 3892 655 3968 tyri
677 3888 819 3961 nabunt,

301 3978 333 4031 at
352 3968 476 4031 Vossius
501 3979 532 4032 et
555 3912 686 4056 ilulpius
710 3973 820 4053 aequi-

233 4087 238 4105 ι
304 4052 445 4147 monialis
458 4051 595 4114 referunt
606 4051 645 4113 ad
657 4053 743 4113 coeli.
763 4072 819 4136 ego

302 4135 821 4310 ΝΙΙΙΙΜΙΙΙᾬὲΙιἽΙΙΙΡΙΙἭΙΙη·

198 4321 201 4327 ⁴
303 4294 355 4356 nia
374 4315 456 4356 enum
480 4305 642 4379 antiquitus
669 4295 727 4357 luit
753 4317 820 4380 pars

301 4373 451 4459 Pbrygiae
472 4377 608 4440 minoris.

927 2833 968 2891 V.
985 2831 1013 2892 5.
1027 2831 1192 2916 Nicaeaeq.
1205 2853 1257 2914 eg.
1272 2832 1320 2892 ub.
1333 2849 1408 2894 aest.

886 2910 957 2972 vide
973 2910 1011 2972 de
1033 2911 1090 2974 bno
1108 2913 1184 2974 urbe
1197 2913 1340 2976 Strabon.
1354 2915 1407 2974 lib.

870 3016 873 3025 ·
889 2993 960 3087 ΧΙΙ.
971 3017 1002 3077 p.
1014 2993 1082 3074 389.
1095 2995 1185 3070 [edio
1197 2995 1343 3073 Cursu]
1356 2997 1409 3057 ubi

890 3075 1049 3149 Nicaeam,
1071 3081 1212 3146 μητρόπολιν
1233 3089 1276 3140 τῆς
1294 3089 1408 3136 uraniae

888 3166 975 3218 Vocat
988 3166 1019 3217 et
1031 3157 1094 3218 elus
1105 3161 1292 3226 estionns'ymt
1301 3165 1408 3222 omme·

888 3237 997 3298 laudnt.
1007 3252 1144 3297 aestuoso
1158 3257 1195 3296 cx
1206 3235 1410 3318 explicatione

888 3320 990 3380 vossii
1014 3318 1128 3381 dicitur
1154 3319 1280 3390 Nicaea,
1308 3318 1410 3400 quod,

888 3422 950 3484 quo
961 3398 1168 3462 vehementius
1181 3399 1238 3472 ibi,
1254 3409 1329 3459 uste
1343 3400 1410 3460 Ga-

889 3481 971 3556 leno,
984 3482 1024 3542 ob
1033 3481 1210 3541 crassiorem
1224 3485 1327 3542 utrem
1337 3480 1412 3562 bye-

889 3563 962 3623 msli
988 3574 1126 3643 tempore
1144 3561 1270 3622 saeviret
1296 3562 1411 3643 frigus,

890 3665 927 3705 co
954 3646 1074 3724 gravior
1102 3643 1231 3716 deinde,
1259 3651 1293 3702 ut
1321 3642 1411 3704 docet

890 3725 1077 3866 lAristoteles,
1093 3723 1207 3786 ibidem
1217 3724 1350 3787 ferveret
1362 3745 1412 3784 ca-

903 3827 948 3868 or.

932 3971 972 4030 V.
983 3969 1011 4030 6.
1022 3967 1068 4030 ud
1080 3967 1157 4029 clar.
1168 3970 1265 4030 Asiae
1276 3967 1412 4028 urbisne

892 4051 974 4114 refer
1002 4051 1199 4132 Pergamum,
1224 4052 1414 4130 Zmyrnam,

891 4135 1062 4214 Ephesum,
1078 4129 1216 4192 Miletum
1231 4139 1261 4190 et
1275 4129 1353 4190 alias
1369 4131 1412 4188 ol.

893 4213 1020 4276 omnino
1028 4213 1154 4274 Ducler
1163 4211 1201 4272 ad
1212 4212 1280 4272 Lir.
1290 4212 1412 4279 XXVl,

892 4300 942 4370 24
966 4297 993 4370 t.
1014 4313 1043 4373 9.
1066 4295 1157 4354 Tum.
1179 4293 1245 4370 ΙΙΙ,
1269 4313 1301 4374 p.
1327 4295 1413 4366 nol„

892 4377 965 4441 edit.
983 4373 1156 4438 Draokenb.
