3036 5114
365 316 480 375 Fllll).
501 316 608 376 cvm.
632 316 829 381 neumate.
1102 317 1149 378 >tr

49 516 262 646 quiequid
303 519 373 612 isti
409 519 629 643 garriant,
668 520 788 614 salva
809 520 1057 622 ‚honestate
1107 545 1152 615 et

50 697 227 758 morum
272 665 553 789 integritate,
597 663 813 790 quamdiu
854 663 998 760 honor
1044 699 1150 760 suus

52 807 193 901 Musis
211 805 384 923 stabit,
400 828 443 900 et
475 829 627 904 nostra
650 832 696 902 et
718 809 868 904 lutura
891 831 1035 904 aetate
1059 844 1156 903 ma-

53 993 140 1084 gno
154 989 263 1050 eum
280 953 428 1052 sruetu
453 977 499 1048 et
520 959 744 1086 voluptate
763 958 952 1051 lecturos
970 979 1015 1050 et
1034 993 1157 1052 eom-

53 1103 338 1200 mendaturos
365 1137 457 1202 esse
487 1138 639 1200 omnes
669 1110 879 1232 antiquae
913 1107 1156 1232 elegantiae

52 1272 93 1342 et
106 1251 348 1342 venustatis
359 1271 649 1378 spectatores,
681 1252 829 1346 nullus
844 1247 1011 1345 dubito
1049 1249 1160 1376 Ver-

53 1415 175 1488 satus
187 1412 338 1486 autem
352 1429 452 1492 sum
471 1398 518 1490 in
537 1395 807 1490 recensendo
827 1417 871 1488 et
890 1395 1157 1523 explicando

56 1541 237 1636 Catullo
259 1542 348 1657 ita,
378 1562 428 1634 ut
450 1546 646 1672 primum
660 1618 672 1658 ,
696 1565 917 1671 quantum
941 1541 1034 1638 lieri
1057 1579 1159 1673 pos-

57 1713 150 1808 set,
172 1710 349 1784 textum
372 1688 524 1784 darem
546 1690 976 1807 emendatissimum,
1004 1692 1162 1786 deinde

57 1871 240 1939 sensum
261 1839 462 1934 locorum
485 1837 776 1936 obscurorum
800 1841 986 1935 breviter
1007 1844 1161 1971 expla-

58 2019 245 2100 narem,
268 2003 423 2078 ettam
440 1987 745 2111 exquisitiores
768 1988 834 2080 rel
858 1987 1160 2081 insolentiores

59 2130 272 2260 loquendi
288 2131 452 2228 formas
468 2151 689 2249 notarem,
714 2133 925 2260 quemad
946 2134 1163 2228 notandas

59 2281 259 2406 singulas
276 2283 431 2410 poetae
448 2281 629 2372 virtutes
644 2302 689 2372 et
704 2283 941 2406 elegantias
960 2285 1164 2376 animum

61 2430 349 2522 adverterem.
386 2425 517 2550 Quod
533 2429 668 2552 igitur
686 2427 743 2520 ad
760 2431 956 2556 primum
980 2433 1164 2548 attinet,

63 2607 159 2664 non
191 2605 329 2666 unam
363 2573 601 2666 alteramve
634 2569 901 2688 editionem,
935 2571 992 2664 ad
1027 2607 1165 2700 quam

63 2740 241 2814 textum
263 2717 422 2818 excudi
445 2753 672 2836 curarem,
695 2741 869 2814 secutus
892 2753 1017 2836 sum,
1042 2724 1166 2842 (ani-

64 2902 192 2964 mum
226 2872 373 2984 enim,
406 2902 465 2962 ex
500 2899 590 2993 qoo
624 2887 797 2962 textum
829 2867 886 2962 ad
920 2867 1164 2962 editionem

65 3018 355 3146 Bipontinam
378 3012 736 3110 conformaturus
757 3049 904 3131 eram,
932 3032 978 3106 et
1000 3014 1087 3107 sere
1110 3015 1166 3106 ab

66 3169 197 3258 initio
220 3161 518 3277 conformavi,
550 3162 709 3289 ineptis
741 3165 977 3291 pessimat
1008 3197 1167 3290 parum
1289 3279 1292 3286 ¹

64 3309 371 3441 probabilibus
400 3313 448 3404 in
477 3310 553 3406 illa
582 3306 857 3438 deprehensis
880 3311 1167 3426 lectionibus,

66 3460 240 3550 mutari
263 3454 449 3578 deinde)
473 3453 548 3548 sed
569 3490 629 3550 ex
651 3457 846 3581 antiquis
862 3476 906 3548 et
924 3456 1168 3585 potioribus

64 3599 340 3694 editionibus
380 3603 429 3694 in
470 3597 635 3694 Variet.
669 3599 789 3693 Leet.
820 3600 1050 3715 indicatis,
1095 3635 1168 3692 eas

66 3748 210 3873 delegi
229 3749 339 3839 etin
359 3765 537 3839 textum
555 3746 697 3871 recepi
713 3743 946 3860 lectiones,
970 3777 1084 3873 quae
1101 3743 1170 3836 vel

66 3897 278 4022 proxime
300 3890 358 3984 ad
379 3894 591 4016 autiquae
612 3890 811 3984 lectionis
834 3889 1022 3986 sormam
1045 3925 1169 3986 acee-

68 4039 199 4153 dere,
234 4037 301 4130 vel
328 4039 390 4129 rei
419 4038 655 4161 sensuique
688 4035 1170 4132 accommodatissimae

70 4219 165 4276 esse
184 4179 453 4276 viderentur.
488 4180 576 4274 Ubi
592 4183 639 4273 in
658 4181 1171 4311 locosincidi,equibus,
1272 4279 1280 4302 ,
