3036 5114
323 315 456 374 AETAS
490 314 542 378 lv.
611 312 927 374 scsblcenrnnn.
1080 314 1175 372 XXV

65 516 170 594 1588
196 517 279 594 Cat.
307 517 392 593 Tib.
418 518 525 618 Prop.
550 516 664 618 Lugd.
690 517 774 590 nat.
800 538 856 588 12.
874 515 928 589 ed.
946 516 1035 588 Iano
1052 511 1174 586 Doara

246 631 295 706 fil.
310 657 398 706 curn
414 623 616 734 Perivigilio
633 631 785 710 ‚Veneris
802 635 840 704 et
852 631 927 705 suis
939 629 978 708 in
991 629 1077 702 Cat.
1089 626 1173 700 Tib.

245 747 355 848 Prop.
374 746 628 822 coniectaneis.
1414 817 1419 832 ,

67 859 169 960 1592
195 859 624 962 RepebBasil.15308.
665 861 843 952 Quamvis
859 883 904 936 ex
921 855 1176 960 Scaligerianis
1334 937 1340 942 ,

247 977 333 1050 binc
357 978 458 1052 illinc
483 981 671 1070 correcta,
688 982 815 1052 tomen
827 976 891 1060 ,vel
906 977 957 1050 sic
974 975 1075 1050 nullo
1092 975 1175 1048 loco

248 1093 429 1168 habenda.
518 1173 522 1180 Δ

66 1263 175 1284 ...-
205 1205 288 1280 Cai.
306 1205 389 1280 Tib.
406 1207 514 1305 Prop.
531 1205 649 1282 denuo
670 1205 846 1309 recogniti
865 1229 909 1278 ac
925 1203 1034 1280 variis
1050 1203 1177 1278 lectio-

247 1321 357 1396 nibus
386 1327 423 1394 et
453 1321 552 1394 notis
576 1321 749 1396 lllustrati
776 1346 799 1394 a
825 1324 914 1396 lano
940 1321 1062 1396 Dorso
1088 1320 1176 1396 filio.

245 1439 440 1528 Accessere
454 1441 685 1543 Pervigilinm
694 1443 1176 1544 Venerisetcarminagrae·

223 1635 226 1642 ,
249 1549 319 1644 ca,
347 1579 441 1655 quae
468 1560 534 1630 aut
550 1580 570 1629 e
587 1555 858 1632 latinoCatulli
877 1577 1049 1658 expressa
1069 1562 1175 1646 sunt,

252 1677 319 1744 aut
332 1695 355 1742 a
369 1669 517 1746 Catullo
530 1671 610 1772 ipso
623 1671 735 1746 latine
752 1672 945 1746 translata.
983 1675 1087 1746 Item.
1105 1676 1176 1746 Ios.

248 1782 427 1885 Scaligeri
451 1792 489 1862 et
517 1787 629 1862 Henr.
654 1786 869 1887 Stephanie
894 1788 977 1862 Tib.
1003 1794 1042 1863 et
1066 1792 1176 1890 Prop.
1319 1876 1324 1882 ἱ

251 1901 434 1976 versiones
459 1927 624 2005 graecae.
668 1905 747 1978 lani
773 1905 915 1980 Douros
936 1906 999 1980 fibi
1027 1907 1064 1980 in
1092 1906 1176 1980 Cat.

250 2014 333 2086 Tib.
350 2017 457 2116 Prop.
476 2017 714 2092 coniectanea
731 2023 769 2091 et
785 2024 907 2092 notae.
959 2018 1075 2122 Lugd.
1093 2018 1176 2090 Bet.

249 2151 295 2202 ex
312 2125 408 2204 offic.
423 2128 543 2204 Plane
560 2127 929 2231 Thbaphelengius,
952 2155 1008 2202 12.
1034 2137 1051 2146 ''
1068 2130 1177 2202 Hanc

249 2242 417 2316 omnium
442 2243 775 2318 'emendatissimam
800 2244 996 2316 editionem
1017 2241 1178 2342 adpellat

251 2355 331 2428 Nic.
349 2355 519 2434 Heinsius
537 2355 583 2432 ad
600 2357 697 2464 Virg.
715 2358 805 2432 Aen.
825 2359 911 2450 Vll,
933 2382 990 2431 10.
1028 2355 1178 2430 Fundus

251 2471 510 2574 este81569.
714 2537 719 2544 .

64 2631 173 2666 ⁴...-
204 2587 288 2662 Cat.
317 2587 400 2662 Tib.
427 2591 535 2689 Prop.
560 2596 599 2663 et
625 2589 738 2666 Corn.
764 2590 863 2665 Galli
886 2615 1019 2691 opera,
1046 2591 1179 2666 Horat.

54 2691 60 2696 ’
257 2701 485 2777 Tusconellae
512 2701 657 2777 scholiis
687 2709 724 2777 et
739 2703 870 2778 windice
899 2704 1084 2780 illustrata
1113 2696 1179 2812 pe'r

256 2817 339 2892 Seb.
357 2816 672 2916 Henricopetrum,
688 2816 798 2890 Basil.
818 2817 852 2892 8.

73 2929 176 3030 1593
204 2930 288 3003 Cat.
305 2929 498 3020 Phaselos,
516 2929 632 3032 Lugd.
647 2917 711 3004 ra.

73 3043 176 3142 ¹⁵94
202 3041 286 3114 Cat.
305 3043 389 3116 Tib.
405 3045 513 3146 Prop.
545 3043 663 3146 Lugd.
686 3071 741 3118 12.
797 3045 880 3119 Non
897 3043 1040 3118 videtur
1056 3041 1177 3136 aliud,

255 3181 369 3255 quam
385 3157 684 3258 Gryphianarunr
702 3157 883 3256 repetitio.

73 3273 176 3346 1600
204 3271 335 3370 Repeb
354 3275 499 3346 auctior
514 3271 569 3344 ed.
587 3270 697 3344 Antv.
723 3269 815 3344 1582
843 3268 879 3343 8.

70 3439 177 3455 ...-
209 3385 294 3458 Cat.
319 3385 403 3457 Tib.
427 3388 535 3486 Prop.
560 3409 658 3460 nova
683 3385 804 3458 editio.
847 3387 916 3460 los.
934 3379 1097 3484 Scaliger
1113 3383 1182 3459 lub

254 3498 360 3571 Caes.
378 3497 427 3571 ffl.
443 3500 638 3573 recensuit.
679 3499 839 3573 eiusdem
856 3499 894 3572 in
910 3496 1007 3570 eosd.
1025 3497 1183 3600 castiga·

254 3613 398 3688 tionum
413 3612 504 3686 liber
520 3615 652 3688 anctus
671 3620 709 3687 et
723 3613 931 3714 recognitus
958 3613 1005 3684 ab
1022 3612 1101 3712 ipso
1118 3637 1184 3685 au·

259 3737 372 3806 ebore.
422 3729 708 3836 Heidelbergae,
725 3730 763 3802 in
778 3727 992 3828 bibliopolio
1010 3727 1183 3800 Comme·

68 3911 73 3920 .
256 3845 414 3935 liniano,
433 3843 468 3918 8.
991 3857 994 3866 ’

1 3965 2 3972 '
75 3961 177 4049 1603
205 3957 538 4058 Repebe81592.

72 4133 178 4152 ...-
209 4075 295 4152 Cat.
310 4075 394 4148 Tib.
410 4077 518 4176 Prop.
544 4074 662 4178 Lugd.
680 4073 716 4148 8.

77 4251 183 4268 ......
215 4191 299 4266 Cat.
316 4191 400 4264 Tib.
417 4192 524 4292 Prop.
542 4192 635 4266 serio
652 4189 832 4291 castigata
848 4188 957 4263 Antv.
972 4187 1181 4290 Raphelen-

258 4307 358 4406 gius,
376 4311 436 4393 24.

182 4433 324 4508 cirus.
350 4433 471 4507 Carm.
1017 4429 1041 4500 d
