3036 5114
505 329 779 396 TESTIMONIA.
1077 328 1196 394 xuvu

244 637 289 711 L.
305 635 435 712 Seneca
450 635 691 736 Philosophus
706 640 744 708 in
761 633 1056 738 Apoooloeyntosi

479 751 622 824 Claudii
645 751 820 824 Caesaris.

142 921 220 994 Nec
244 945 368 1011 mora,
393 919 580 1026 Cyllenius
601 920 706 994 illum
728 919 822 1002 collo
843 921 993 996 obtorto
1013 921 1126 994 trahit
1149 920 1196 993 ad

93 1035 295 1223 1Ιῖἱῑιῗσωιῖιιαῐε
311 1161 443 1248 negant
460 1147 574 1222 redire
589 1171 812 1247 quemquam.

146 1280 296 1376 (vorsus
312 1292 365 1352 est
382 1275 519 1350 Catulli
534 1303 554 1354 e
571 1279 735 1352 Carmine
752 1277 815 1376 3.)

280 1515 422 1589 Plinius
438 1518 552 1588 mesor
567 1513 796 1610 Praefatione
812 1515 909 1589 Hirr.
924 1516 1012 1590 Nat.
1150 1583 1156 1595 .

142 1685 313 1782 Namque
330 1688 372 1758 tu
389 1683 529 1758 solebas
544 1707 644 1757 meas
660 1705 736 1758 esse
754 1683 890 1784 aliquid
907 1689 1039 1786 putare
1063 1706 1193 1786 nugas,

91 1805 137 1872 ut
166 1797 325 1870 obiicere
354 1797 484 1870 moliar
515 1797 694 1872 Catullum
724 1795 1005 1872 conterraneum
1038 1817 1195 1870 meum:

27 1907 34 1923 '
93 1913 298 2015 (Agnoscis
314 1919 352 1986 et
368 1913 437 1986 hoc
455 1917 637 1986 castrense
652 1911 828 2004 verbum)
842 1911 902 1984 iile
917 1911 1033 2000 enim,
1047 1916 1089 1984 ut
1102 1911 1196 2000 scis,

91 2027 313 2126 permutatis
335 2026 515 2126 prioribus
539 2024 718 2112 saetabis,
745 2023 996 2100 duriusculum
1021 2047 1059 2098 se
1085 2023 1192 2112 fecit,

93 2141 275 2238 quoniam
290 2140 437 2214 volebat
452 2140 635 2214 aestimari
652 2164 697 2212 ea
713 2164 736 2212 a
754 2139 956 2216 veraniolis
975 2139 1051 2214 suis
1064 2144 1102 2214 et
1124 2139 1196 2211 Fa·

93 2259 222 2332 bullis.

143 2382 240 2480 (vui.
255 2408 402 2476 comap
423 2397 457 2458 et
477 2405 519 2456 12
534 2388 659 2481 poetae
675 2382 822 2480 poetri.)

448 2618 547 2694 [dem
565 2618 624 2694 lib.
641 2621 688 2694 28
706 2647 786 2720 cap.
803 2647 837 2696 2.

142 2784 243 2858 Hinc
267 2785 451 2860 Theocriti
478 2787 576 2888 apud
600 2787 784 2889 Graecos,
820 2789 959 2864 Catullo*
978 2791 1077 2891 apud
1101 2815 1192 2882 nos,

92 2899 337 2998 proximeque
359 2900 517 3002 Virgilii,
541 2902 900 2978 incantamentomm
917 2904 1098 2978 amatoria
1112 2904 1198 2978 imi

92 3015 200 3088 tatio.
568 3035 573 3044 ·
800 3015 803 3026 “

473 3200 570 3326 ram
587 3250 712 3330 raas
729 3201 762 3330 οξ
777 3255 814 3330 o.

139 3417 215 3493 nic
233 3444 395 3520 namque
411 3425 466 3494 est
479 3422 668 3497 Mamurra
687 3425 821 3500 Catulli
839 3425 1047 3500 Veronense
1064 3426 1195 3498 canni·

93 3533 204 3606 nihus
218 3534 439 3630 proscissus,
458 3559 566 3646 quem
580 3542 616 3609 et
629 3563 705 3627 res,
723 3543 760 3612 et
773 3539 901 3612 domus
916 3541 1026 3640 ipsius
1039 3540 1193 3627 clarius,

89 3671 205 3742 quam
223 3643 414 3734 Catullus,
439 3646 528 3720 dixit
550 3649 710 3740 habere,
736 3651 912 3750 quidquid
926 3653 1119 3728 habuisset.
1130 3675 1193 3725 co·
1266 3711 1268 3718 .

90 3764 197 3830 mata
222 3758 356 3831 Gallia.

140 3882 249 3982 (vide
263 3908 408 3958 carmen
424 3910 473 3982 29
490 3891 603 3961 nostri
614 3888 778 3986 poe'toe.)

404 4121 501 4198 Idem
518 4125 579 4200 lu.
596 4125 714 4202 eodem
732 4153 810 4227 cop.
829 4151 890 4205 ει.

137 4285 212 4362 Sed
235 4295 274 4362 et
295 4289 320 4364 ii
342 4293 524 4391 pumices,
547 4295 609 4393 qui
624 4301 709 4370 sunt
724 4297 764 4370 in
779 4319 849 4372 usu
865 4321 1063 4410 corporum
1079 4299 1190 4378 laevi·
