2992 5116
296 286 388 392 326
686 321 859 384 cannara
891 324 1007 388 xciii.

343 530 419 602 Nec
436 527 547 618 scire,
565 534 692 610 utrum
708 528 756 602 sis
772 525 899 618 albus,
918 553 967 602 an
984 535 1064 604 ater
1081 528 1205 603 homo.

326 714 359 765 V.
377 727 401 764 a.
418 711 451 763 ln
467 710 582 764 editione
599 707 735 762 Parthenii
746 709 940 778 corruptissime
957 709 1000 762 hic
1017 729 1105 766 rereua
1121 711 1214 782 legitur
1231 714 1289 766 ita:
1308 715 1368 770 It'ee
1384 723 1406 766 rr·

293 808 382 851 erem,
398 801 484 840 utrum
500 793 535 838 εἰς
552 787 637 839 sulm
654 804 689 838 art
705 787 774 838 alter
790 787 874 840 homo.
905 787 1014 842 voratu·
1031 791 1060 850 in
1077 791 1152 844 libris
1168 795 1289 864 antiquie
1306 795 1401 861 depre·

296 873 435 926 henderat:
453 871 543 927 Nerei
553 886 612 931 ore,
629 868 698 921 unde
710 867 846 939 legendum
858 869 965 933 foetam
976 870 1055 925 alicui
1066 873 1151 928 videri
1163 893 1240 944 poene
1252 877 1402 931 existimat:

295 954 389 1008 Nescio
406 969 452 1002 ore
468 961 553 1001 utrum
569 951 604 1000 tir
620 947 692 1000 albus
709 967 745 1000 an
762 960 822 998 nter·
837 947 922 999 honio.
955 949 1003 1002 red
1024 968 1103 1006 nemo
1119 953 1192 1006 facile
1209 955 1242 1006 ad
1261 953 1312 1006 has
1331 959 1405 1006 inciti

295 1035 410 1084 rationes
427 1033 533 1098 poetam
549 1027 577 1079 iti
595 1025 714 1078 ordinem
731 1025 845 1094 redigere
864 1027 984 1088 tentabit.
1009 1028 1069 1110 lpse
1085 1030 1192 1087 Voeeiua
1210 1031 1291 1102 legit:
1313 1033 1403 1086 Neruo

296 1123 380 1160 utrum
397 1113 433 1159 eir
450 1108 522 1158 attus
539 1134 571 1145 -
588 1105 630 1160 Ne
647 1110 670 1158 εἰ
687 1123 757 1157 orem
774 1106 815 1159 ed.
832 1105 913 1174 llbeg.
940 1107 995 1162 Neo
1011 1127 1071 1159 euro
1088 1122 1173 1160 utmun
1191 1110 1219 1160 in
1238 1113 1360 1178 margine
1378 1111 1404 1161 t.

296 1189 387 1238 licius.
406 1184 477 1253 apud
494 1184 622 1236 editorem
634 1183 786 1252 Cantabris.
797 1193 826 1235 et
840 1186 878 1237 ric
896 1185 979 1255 placet
995 1187 1119 1244 Bondnno
1131 1187 1193 1242 Var.
1211 1187 1287 1240 [rect.
1307 1208 1336 1262 p.
1354 1193 1402 1240 125.

297 1269 353 1326 Noe
369 1271 421 1320 reio
443 1277 485 1332 te,
506 1284 520 1316 e
537 1263 605 1317 libro
623 1265 769 1318 membran.
786 1264 946 1318 commelini
963 1266 1056 1337 prohat
1072 1266 1207 1336 Meleager.
1225 1297 1261 1319 v.-
1281 1268 1402 1321 Coniun-

297 1351 369 1418 gitnr
389 1347 439 1401 hoc
463 1343 594 1398 distichon
618 1363 678 1398 cnm
703 1345 823 1415 uquenti
844 1345 873 1398 in
899 1346 974 1399 editt.
1000 1346 1123 1402 Parthen.
1141 1349 1249 1421 Gryph.
1276 1350 1405 1422 probante

298 1427 437 1494 scaligero.
463 1423 517 1476 Sed
533 1441 587 1476 non
599 1424 689 1487 rideo,
705 1422 837 1494 quomodo
853 1424 923 1478 inter
939 1427 1116 1482 reconciliari
1126 1437 1207 1499 queat
1223 1429 1341 1500 iusignia
1353 1449 1405 1482 aeu-

299 1510 441 1561 tentiarum
458 1501 657 1558 diraimilitudo.
966 1498 978 1524 ³
1011 1505 1015 1514 ’

339 1653 381 1713 v.
395 1673 423 1710 2.
443 1665 542 1711 arrum
556 1652 695 1712 strazbur
709 1673 750 1711 cm
763 1663 829 1712 aser
867 1642 1021 1720 novimus,
1031 1665 1087 1707 nec
1097 1666 1247 1707 coenosae
1254 1667 1405 1708 munins.

299 1735 408 1804 homo,¹
437 1731 633 1812 proverbialis
661 1733 774 1794 locutio
798 1732 830 1792 in
869 1728 931 1794 vid.
949 1727 1041 1809 Vulp.
1062 1728 1138 1789 adde
1155 1727 1258 1790 Cicer.
1273 1729 1405 1811 Philipp.

301 1822 487 1884 contemtum
513 1834 638 1890 eurum,
670 1833 745 1897 quoa
773 1833 832 1876 nee
873 1810 921 1884 lt,
941 1809 1084 1872 reatini
1097 1811 1292 1892 interpretes.

649 2083 893 2157 CARMEN
932 2083 1060 2164 xciv.

722 2269 763 2322 nt
780 2269 996 2330 nemean,

307 2367 514 2532 Mentula
531 2453 764 2527 moechatur:
781 2452 997 2525 moechatur
1014 2449 1179 2524 menmla
1196 2456 1314 2524 cerie.

361 2568 443 2640 Hoc
461 2571 534 2656 est,
555 2567 654 2666 quod
670 2567 813 2642 dicunt:
831 2569 914 2667 lpsa
931 2565 1031 2638 olera
1047 2565 1122 2638 olla
1138 2565 1237 2667 legit.

341 2745 374 2798 V.
391 2759 414 2795 a.
431 2748 488 2814 ipra
503 2743 573 2793 olere
583 2742 638 2793 olla
648 2740 718 2812 saeit
729 2742 802 2795 dedit
813 2759 845 2794 en
861 2739 938 2807 aliia,
955 2747 988 2794 nt
1002 2741 1059 2802 ait,
1075 2737 1272 2809 exemplaribus
1284 2739 1413 2802 vussino:

311 2824 357 2876 red
374 2840 431 2875 cnm
449 2839 525 2874 nemo
541 2820 608 2874 aliua
625 2820 692 2878 haue
709 2820 847 2874 lectionem
863 2821 1116 2881 conmemorarerit,
1132 2818 1240 2872 tiano«
1258 2838 1322 2872 earn
1333 2821 1414 2870 rison

310 2906 418 2964 doctum
434 2902 566 2955 doctrinae
582 2901 753 2954 ostentandae
764 2919 858 2963 mura,
877 2898 951 2952 facile
969 2900 1019 2952 tibi
1032 2899 1202 2970 pemuedeaa3
1220 2917 1287 2952 nam
1304 2901 1413 2953 tramla·

311 2989 369 3032 tum
386 2980 430 3033 illo
448 2988 525 3050 putat
541 2977 574 3032 uh
591 2979 651 3031 ollia
667 2979 839 3040 Graecorum,
859 2996 925 3058 quae
942 2979 972 3031 in
988 2978 1163 3033 Anthesteriis
1179 2979 1417 3033 commentemu-

312 3068 373 3121 tur,
398 3059 426 3111 in
451 3077 516 3128 quae
537 3057 770 3129 comportabantur
794 3058 880 3109 omnir
898 3061 999 3125 generis
1021 3056 1105 3117 olera,
1130 3074 1196 3126 quae
1223 3065 1318 3109 tamen
1345 3077 1418 3108 mmo

313 3143 478 3208 degustarct3
497 3147 527 3192 ut
537 3139 650 3193 breviter
659 3139 745 3192 dicam
753 3175 761 3200 ‚
777 3137 886 3191 Vossius
898 3138 1032 3192 Catullum
1043 3139 1176 3190 eaiatimat
1191 3135 1363 3191 Mamurram
1376 3139 1418 3191 sub

314 3219 425 3272 obscena
442 3218 553 3286 imagine
570 3235 731 3289 comparuere
747 3215 831 3284 ollae,
849 3235 913 3289 quaa
930 3219 986 3274 aolo
1003 3235 1073 3272 uera
1089 3217 1169 3270 iaciat
1184 3215 1255 3268 olere
1267 3217 1273 3267 l
1284 3217 1312 3270 l!

355 3359 396 3419 V.
415 3379 460 3418 1·
470 3378 499 3416 a.
515 3355 652 3416 Mentula
661 3355 843 3422 moechatur.
883 3351 1000 3422 catione
1018 3351 1187 3434 petulanter
1199 3351 1295 3414 ludit.
1311 3390 1333 3406 ι·
1351 3359 1419 3438 ipro

338 3460 372 3499 er
392 3435 559 3500 Mentulum
576 3435 726 3519 designari
739 3444 845 3520 putant
882 3434 1040 3496 oloraolla
1048 3435 1121 3516 tegit
1131 3433 1161 3493 b.
1172 3456 1198 3495 e.
1210 3445 1324 3529 sponte
1336 3460 1421 3525 quor-

315 3461 524 3591 itamar-ram,
579 3518 846 3600 odmnximepro-
885 3516 927 3577 rit
943 3513 1093 3590 mentula,
1110 3517 1192 3597 quod
1212 3537 1282 3578 eiua
1296 3529 1420 3580 naturae

318 3600 416 3666 babile
437 3601 471 3660 iit
489 3619 526 3662 ex
537 3541 648 3681 Ἡρὶςτ.
661 3597 847 3672 cx1v‚ubi
887 3597 1068 3658 conveniens
1092 3606 1143 3656 est
1181 3597 1277 3658 Dicta
1302 3602 1423 3662 ridetur

317 3707 345 3753 γ.
362 3707 385 3756 .¹·
396 3683 575 3742 Formiarum
584 3681 845 3765 saltitanonsadso,
889 3679 962 3739 haec
975 3677 1170 3760 proverbialis
1182 3678 1301 3740 locutio
1315 3681 1357 3741 de
1377 3705 1422 3741 rr-

317 3765 469 3836 Mentnla‚
497 3764 577 3824 dives
598 3763 705 3823 Fertur·
723 3795 744 3808 -
760 3772 847 3826 natue
886 3759 958 3834 bus,
976 3779 1051 3842 quae
1070 3767 1175 3823 aarum
1194 3781 1248 3821 aua
1267 3761 1329 3821 nihi
1351 3785 1421 3821 con·

318 3854 362 3920 eet
376 3845 521 3904 nimirum
535 3846 690 3905 Mamurra
700 3844 846 3916 Formiis;
886 3842 1024 3912 veniunt3
1034 3839 1230 3902 ductnuutem
1240 3839 1293 3901 illa
1303 3844 1422 3902 ridetur

318 3925 392 3986 hino
420 3927 587 3985 Formiana
613 3927 734 3985 macula
758 3947 847 4008 supin
886 3921 997 3984 Achilli
1023 3923 1118 3984 statio
1146 3943 1163 3982 n
1190 3921 1259 3981 fure
1292 3927 1422 4006 quodem

317 4008 418 4066 Carm.
433 4005 539 4080 Lvtt,
554 4010 583 4079 4.
598 3999 849 4067 Formiano-‹le-
887 4002 1039 4076 hortensi,
1053 4003 1105 4086 qui
1119 4003 1279 4064 manifesto
1295 4005 1328 4064 in
1347 4009 1423 4065 fuito

319 4101 422 4145 coetor
443 4086 535 4160 XLI,
561 4090 589 4159 4.
617 4086 732 4147 indidit
751 4096 849 4147 autern
888 4085 1092 4167 deprehensus
1105 4084 1255 4166 culpamn
1276 4106 1310 4145 se
1328 4087 1361 4146 in
1381 4086 1424 4143 ol-

320 4175 409 4250 poeta
437 4168 609 4227 Mamurrae
641 4168 677 4229 ad
705 4169 852 4250 insignem
889 4165 966 4240 lum,
980 4165 1425 4249 quaeleraexceperat‚tran-

321 4248 386 4318 rius
402 4247 559 4318 libidinem
573 4248 790 4330 insigniendum
800 4271 861 4309 no*
892 4247 1016 4314 etuleril.

321 4349 393 4399 nien
410 4329 582 4408 Mentnloe,
597 4330 629 4399 in
643 4332 725 4398 cuius
738 4332 855 4414 siguifi-
