3036 5114
310 344 380 404 {nv
674 338 811 398 ΠΕΡΙ]
845 337 1045 396 murmur

308 539 390 618 Hoc
404 541 522 642 primo
536 565 666 642 genere
677 563 802 616 versus
814 539 933 612 utitur
949 539 1111 622 catums
1124 540 1252 613 trecies
1265 542 1415 632 novies,
1498 553 1499 620 ξ

309 655 475 754 videlicet
492 655 654 729 carmine
678 681 707 725 ι.
729 678 763 725 2.
780 655 814 726 3.
834 655 868 725 5.
883 651 920 726 6.
939 679 971 748 7.
993 681 1028 752 9.
1052 682 1108 728 ιο.
1130 659 1257 728 12.13·
1278 662 1333 742 14.
1355 659 1413 730 15.
1498 677 1499 680 ’

312 773 369 845 16.
389 799 450 843 21.
467 772 529 843 23.
547 774 607 856 24.
627 769 687 840 26.
704 792 762 862 27.
782 766 842 842 28.
858 769 918 842 32.
937 769 998 842 33.
1016 769 1076 842 35.
1102 769 1168 842 36.
1193 769 1252 842 38.
1272 775 1333 856 4ο.
1351 777 1416 858 4ι.
1498 797 1499 800 ’

308 881 1318 982 nfflffiffistfflQQfflMffiQffi

359 1116 404 1186 ΙΙ.
430 1113 603 1210 Sequitur
627 1097 785 1184 secundo
808 1097 893 1185 ioco
920 1101 1102 1186 iambicus
1128 1111 1312 1203 trimeter,
1348 1138 1415 1185 seu

307 1224 492 1314 senarius,
517 1223 756 1298 acatalectus.
807 1226 877 1298 Hic
902 1249 967 1298 sex
991 1223 1143 1324 pedibus
1161 1229 1327 1311 constat,
1347 1226 1413 1325 qui

308 1364 436 1414 omnes
462 1344 616 1438 possunt
640 1362 718 1412 esse
742 1337 876 1428 iambi,
903 1344 969 1412 ut:
1046 1361 1051 1371 ·

308 1537 938 1610 'tittfflisrstnirvrumlctlsrtrtmns

309 1753 499 1829 interdurn
523 1773 610 1825 vero
634 1751 673 1824 in
697 1745 787 1824 locis
820 1747 1049 1852 disparibus,
1084 1760 1177 1853 puta
1201 1752 1239 1826 in
1265 1753 1413 1853 primo,

309 1869 443 1951 tertio,
471 1866 599 1964 quinto
625 1859 828 1964 spondaeus
854 1864 1078 1956 admittitur,
1097 1887 1160 1966 pes
1190 1866 1314 1938 iambo
1346 1867 1411 1932 ἰσο-

311 1985 479 2070 σύλλαβος,
511 1977 580 2054 etsi
602 1997 678 2052 nun
705 1978 872 2070 ἷσίχρονοςι
915 1997 1180 2079 nonnunquam
1205 1983 1317 2052 etiam
1344 1981 1414 2052 im-

309 2085 574 2192 parisyttabus‚
591 2097 637 2164 ut
653 2097 872 2192 anapaestus
889 2115 980 2181 νν-,
996 2091 1186 2188 dactylus,
1202 2093 1412 2187 tribrachys

306 2226 403 2280 vva.
454 2202 504 2274 At
528 2203 566 2274 in
592 2201 680 2276 locis
705 2204 878 2304 paribus,
902 2225 1032 2303 nempe
1048 2205 1228 2290 secundo,
1246 2209 1409 2302 quarto,

311 2314 462 2406 ultimo,
487 2322 592 2388 extra
617 2317 844 2390 comediam
876 2325 916 2392 et
952 2318 1094 2392 fabulas
1119 2320 1273 2392 Phaedri
1298 2317 1413 2390 hesu-

200 2499 204 2508 ,
311 2429 411 2530 pias,
437 2431 577 2503 comico
603 2431 677 2504 fere
703 2431 786 2504 stilo
805 2433 983 2533 scriptas,
1013 2439 1157 2533 praeter
1173 2435 1338 2507 iambum
1355 2435 1416 2506 vet

311 2540 526 2640 tribrachyn
547 2540 661 2616 ceteri
693 2533 803 2646 peries
837 2546 897 2618 vix
928 2545 1163 2647 recipiuntur.
1230 2535 1411 2647 Exempla

312 2650 418 2725 mixti
442 2655 618 2728 Iambici:

311 2851 1038 2936 Sellaintciur'rllistn'itmfiltfitniristrbdtt

311 2960 1014 3044 Person{sulaitumpeiierattvatitnius

310 3173 393 3303 Huc
418 3191 549 3277 genere
574 3171 736 3246 uanum
774 3173 892 3246 utitur
930 3140 1080 3272 quater,
1114 3141 1291 3247 nimirum
1332 3193 1415 3250 car-

310 3311 411 3360 mine

330 3467 360 3542 4.
379 3463 520 3528 Pbrsclus
539 3461 605 3536 ille,
624 3481 717 3546 quern
736 3455 858 3534 videtis,
875 3455 1016 3544 hbspite's.

309 3595 360 3635 ao.
381 3567 447 3654 Ego
466 3569 556 3642 baec,
575 3589 632 3650 ego
652 3575 715 3628 arte
735 3565 876 3628 fabricatu
895 3569 1014 3630 rustica.

309 3697 360 3760 29.
380 3677 456 3757 Quis
475 3675 535 3738 hoc
555 3682 653 3758 potest
671 3671 798 3748 ridere,
818 3673 885 3758 quis
903 3683 999 3757 potest
1018 3675 1088 3758 pati.

311 3879 403 3966 haec
421 3915 531 3992 porro
546 3889 619 3964 tria
634 3891 800 3966 cannina
816 3896 987 3966 constant
1003 3915 1023 3964 e
1038 3892 1207 3970 laubicis
1225 3898 1340 3998 pmis.

311 4099 361 4162 52.
381 4099 466 4178 Quid
483 4107 544 4174 est,
562 4095 694 4174 Cunila,
714 4085 795 4182 quoi
815 4099 941 4162 moraris
960 4087 1075 4164 emori?¹

308 4299 341 4376 E
366 4298 488 4374 mixtis
513 4299 583 4374 huc
609 4299 778 4374 laubicis
804 4303 871 4372 ert.
