3036 5114
315 403 320 416 ·
403 383 536 442 Aruas
559 383 602 441 ll.
642 333 836 442 Narium.
1103 377 1184 437 xlx

62 589 177 687 [1496
203 587 285 660 Cat.
302 585 385 659 Tib.
402 587 511 686 Prop.
529 591 643 685 repet.
662 585 717 657 ed.
741 589 849 682 1491.

61 759 66 770 ·
81 707 180 782 1500
205 703 288 776 Tib.
303 725 389 775 cum
404 723 540 774 comm.
554 698 735 796 Cyllaenii
749 699 975 774 Veronensis.
1013 696 1183 770 Catullus

256 837 342 887 cum
373 813 559 887 Parthenii
594 814 726 884 Veron.
757 819 795 886 et
822 811 973 885 Palladii
1004 813 1185 884 Patavini.

259 924 541 999 Emendationes
563 923 795 997 Catullianae
811 949 878 1026 per
892 926 1042 996 Hieron.
1063 925 1185 996 Avan-

256 1039 352 1112 tium
377 1040 649 1127 veronensem,
682 1043 721 1111 et
748 1037 910 1112 eiusdem
936 1037 975 1112 in
1001 1036 1187 1134 Priapeias

260 1149 540 1252 castigationes.
592 1153 700 1252 Prop.
727 1175 812 1224 cum
840 1173 976 1222 comm.
1002 1147 1094 1221 Phil.
1120 1147 1188 1218 Br-

258 1261 386 1337 roaldi.
415 1263 567 1336 Armott.
593 1264 633 1338 in
659 1268 766 1365 Prop.
791 1270 873 1338 tum
896 1285 963 1362 per
981 1261 1188 1333 Domitium

260 1373 517 1462 Calderinum‚
531 1381 612 1448 tum
626 1401 692 1476 per
705 1380 756 1454 lo.
771 1377 922 1450 Cottam
930 1376 1187 1447 veronensem.

259 1485 363 1562 llaec
380 1489 506 1564 omnia
523 1495 610 1562 sunt
625 1513 671 1561 ex
688 1487 958 1590 exemplaribus
979 1483 1185 1558 emendatis

260 1595 361 1668 Hier.
378 1597 524 1673 Avantii
543 1600 671 1699 (Haec
688 1604 727 1674 in
744 1604 824 1701 ipsa
840 1601 923 1672 libri
940 1599 1059 1670 fronte
1077 1620 1185 1698 prae-

97 1721 105 1736 ·
182 1779 187 1786 ,
265 1713 403 1811 scripta
420 1715 560 1818 suns).
591 1717 668 1792 Sub
686 1717 817 1790 tirrern:
851 1701 1106 1814 «impressum
1119 1715 1187 1784 Ve-

261 1827 370 1902 netiis
390 1853 454 1928 per
475 1832 527 1902 lo.
547 1829 592 1904 de
617 1831 769 1904 Tridino
787 1832 830 1905 de
848 1831 980 1904 cereto
1003 1827 1095 1900 alias
1116 1828 1190 1900 Ta-

264 1940 553 2031 cuinum,c10b
572 1943 628 2019 die
645 1968 731 2024 vero
750 1947 837 2017 XIX
854 1944 956 2016 Maii.
995 1942 1190 2041 Regnante

261 2051 402 2150 inclyto
425 2057 588 2156 principe
607 2057 811 2156 Augustino
831 2053 1047 2130 Barbadico.
1063 2087 1081 2120 ι
1121 2051 1202 2126 sol'

264 2163 347 2251 N⁰t¹
371 2167 578 2266 infrequens
603 2175 658 2244 est
683 2171 774 2250 baec
799 2169 919 2250 editio.
994 2167 1117 2238 Etiam
1144 2188 1190 2237 ex

267 2283 515 2380 superioribus
540 2286 685 2358 Venetis
709 2289 864 2384 repetita
888 2288 964 2365 est,
1002 2281 1191 2381 exemplar

267 2401 393 2479 tamen
412 2397 459 2480 ab
476 2397 633 2472 Avantio
651 2400 791 2474 mendis
808 2395 1080 2498 typographicis
1096 2419 1185 2496 pur-

267 2515 397 2610 gatum
413 2535 490 2585 esse
507 2510 651 2600 debuit,
678 2518 878 2611 antequam
893 2513 1013 2612 operis
1029 2510 1187 2584 librariis

269 2626 521 2712 excudendum
539 2627 754 2715 traderetur.

369 3093 555 3169 AETAS
580 3098 634 3168 ΙΙ.
683 3093 914 3168 ALDINA.

69 3363 72 3371 ’
95 3327 194 3408 1502
221 3321 355 3400 Aldina
378 3323 414 3398 1.·
453 3324 643 3417 Catullus,
663 3326 820 3416 Tibull,
837 3329 970 3428 Prop,
988 3328 1026 3401 in
1045 3329 1195 3404 aedibus

272 3440 373 3530 Aldi,
389 3441 569 3528 Venetiis,
587 3439 622 3521 8„
687 3441 790 3514 llaec
807 3441 933 3516 eadem
951 3443 1082 3533 editio,
1099 3451 1142 3518 ut
1156 3449 1196 3520 in

274 3555 355 3630 aliis
381 3554 521 3629 Aldinis
541 3555 702 3645 factum,
730 3557 808 3632 sine
834 3559 920 3632 anni
947 3565 985 3632 et
1010 3559 1082 3634 loci
1109 3567 1199 3634 nota

272 3685 426 3779 prostat.
477 3681 544 3753 Est
561 3686 687 3759 autem
707 3683 799 3757 haec
817 3683 914 3756 inter
933 3683 1106 3756 classicae
1124 3683 1199 3758 edi.

273 3791 391 3872 tiones
404 3791 592 3882 habenda,
608 3794 901 3894 quandoquidem
917 3795 980 3867 illa
994 3794 1199 3870 multarum

271 3929 371 4006 seqq.
403 3907 510 4006 quasi
545 3931 697 4005 parens,
729 3915 841 4008 atque
871 3933 1000 3982 earum
1031 3934 1198 4008 quoque,

277 4043 373 4117 quae
386 4009 653 4092 emendatiores
666 4023 847 4121 prodiere,
863 4023 994 4097 firndus
1007 4025 1086 4099 fuit.
1127 4029 1200 4101 Ex-

274 4155 440 4234 pressam
467 4152 550 4206 eam
578 4157 655 4207 esse
677 4157 723 4210 ex
743 4125 926 4237 superiore
943 4142 1081 4215 Veneta
1101 4145 1201 4218 1500

182 4278 186 4287 ·
275 4247 414 4346 liquido
423 4253 585 4337 constat,
599 4248 764 4348 pluribus
778 4251 994 4329 lectionibus
1008 4281 1202 4359 compara-

274 4363 342 4452 tis3
367 4363 609 4446 correctiones
626 4369 752 4442 tamen
770 4367 838 4450 uiri
855 4367 952 4444 dooti
970 4397 1035 4446 seu
1053 4375 1202 4456 Avantii
