3036 5114
1157 382 1215 443 v11

116 652 225 723 rem
251 614 536 762 castigasse
562 613 745 762 potins
770 651 938 759 quam
957 611 1214 724 declaras·
1284 647 1286 654 ⁴

116 841 168 912 se
200 800 463 911 dicendus
500 799 582 906 sin
726 762 732 777 „

182 983 460 1092 Catullum
500 983 558 1087 in
591 1015 862 1129 praesens,
903 983 1035 1092 alios
1070 982 1215 1089 dein·

112 1205 237 1311 ceps
265 1178 448 1310 positas
477 1194 531 1272 et
563 1195 797 1274 oratores
825 1163 1065 1290 habebis.
1113 1161 1215 1288 Ad,-

108 1354 250 1460 didit
277 1354 422 1459 enim
454 1323 698 1459 animum
727 1353 937 1500 egregia
971 1383 1215 1456 meorum

107 1540 314 1644 civium
339 1538 682 1657 humanitas,
712 1567 766 1643 et
792 1537 1038 1644 Brixiani.
1061 1567 1215 1684 typo-¹

108 1720 302 1866 graphi
336 1722 651 1841 cdnsilinm,
688 1722 818 1865 qni,
852 1721 998 1828 edito
1034 1722 1146 1830 iam
1183 1763 1216 1830 a

107 1903 266 2010 nobis
295 1903 476 2046 priore
512 1904 752 2011 Caesaris
773 1904 1068 2028 volumine,
1089 1907 1217 2016 ‘Sal-

104 2089 371 2213 lustium,
411 2090 488 2194 Cl.
527 2087 780 2196 Nardinii
818 2129 948 2200 eura
984 2094 1216 2204 illustra·

104 2301 264 2394 tum,
310 2273 578 2420 vulgavit,
627 2273 1065 2422 confirmavitque
1117 2317 1216 2426 per

102 2454 438 2600 epistolam,
471 2494 525 2564 se
574 2459 851 2585 eamdem,
901 2499 1072 2604 quam
1118 2497 1216 2566 nos

99 2640 473 2786 provinciam,
511 2641 717 2747 naviter
761 2670 813 2748 et
849 2681 976 2749 eum
1009 2645 1213 2784 virtute

102 2821 404 2930 obiturum.
455 2824 599 2930 Nam
634 2826 782 2970 quod
818 2826 943 2950 ille,
980 2829 1216 2976 inceptis

101 3013 301 3116 nostris
347 3011 572 3117 minime
622 3010 946 3131 deterritus,
999 3041 1215 3124 tantum
1361 3069 1366 3078 ·

101 3217 243 3336 opus
265 3192 394 3297 inse
414 3195 702 3340 receperit,
723 3197 858 3342 quid
876 3195 1026 3302 aliud
1046 3201 1216 3304 os'ten·

103 3381 222 3500 dit,
263 3419 429 3524 qnam
460 3421 568 3487 non
607 3382 784 3488 deesse
827 3384 884 3488 in
926 3382 1083 3491 Italia
1115 3390 1217 3531 qui

101 3566 503 3720 liberalissimis
541 3568 690 3674 hisce
734 3569 926 3675 studiis
964 3573 1217 3678 faveant?
1377 3665 1380 3672 .

97 3749 310 3858 Durius
365 3751 501 3858 illud
559 3752 873 3876 videbatur,
926 3757 1072 3898 qnod
1125 3794 1236 3884 no·,

97 3961 282 4038 strum
304 3935 650 4080 propositum
675 3936 743 4041 de
761 3935 980 4042 edendis
996 3936 1214 4054 Germa·

96 4158 302 4228 norum
341 4123 776 4241 commentariiS,
815 4123 996 4266 palam
1039 4163 1213 4270 asper·

95 4337 345 4434 nasetur,
370 4347 434 4416 ae
462 4309 630 4416 veluti
653 4309 837 4418 ltaliae
866 4315 1102 4424 maxime
1133 4315 1212 4431 in·
1261 4419 1267 4432 ,
