2992 5116
296 336 556 398 cuumuuuvs
591 306 636 398 iu
671 337 884 399 uuccuuu.
975 358 979 367 ·
1077 297 1168 424 367

87 539 239 616 Feriebat
257 539 368 612 arbor
384 563 494 612 aucas
511 539 680 614 redimita
696 538 900 640 pampinis:

86 683 298 780 Ubicumque
315 679 506 788 lusitaras,
523 704 619 754 nova
635 680 790 756 flumina
806 680 935 755 temeti

86 834 219 908 Placido
235 835 335 907 viam
352 834 531 908 secabant
546 833 729 912 fluitantia
746 834 880 907 sonitu.

85 979 168 1072 Quid
184 979 259 1052 iam
277 977 419 1052 Indiam
434 977 628 1050 subactam
645 977 711 1051 tibi
731 977 891 1051 maxime
908 975 1140 1050 memouem?

85 1119 170 1210 Quid
183 1119 332 1192 Penthei
350 1123 417 1190 aut
433 1118 592 1218 Lycurgi
611 1115 790 1191 scelerata
806 1117 995 1207 facinora,

83 1259 175 1330 Nova
192 1236 327 1355 quidue
341 1262 507 1331 monstra
523 1257 679 1330 uuusco
697 1255 895 1330 natitantia
912 1255 1042 1358 pelago
1059 1254 1076 1326 ?

84 1397 159 1469 Tua
174 1421 239 1497 per
255 1397 434 1499 trophaea
453 1397 554 1470 eunti
572 1420 691 1496 neque
710 1397 806 1469 enim
822 1375 949 1468 mcdu'¹
961 1393 1083 1467 fuerit.

82 1539 160 1612 Tibi
175 1539 349 1630 Tmolus,
366 1543 405 1611 ct
424 1539 656 1635 Cythaeron,
674 1537 740 1609 tibi
757 1537 856 1634 Nysa
873 1533 1020 1609 subdita
1037 1539 1111 1625 est3

82 1677 159 1750 Tua
174 1677 323 1766 Musici,
342 1682 379 1750 et
396 1683 530 1780 poetae
544 1678 736 1752 unanimes
754 1701 861 1750 sacra
880 1675 1095 1764 celebrant;

82 1819 158 1891 Tuo
175 1816 225 1890 eis
242 1816 382 1915 liquore
400 1819 510 1889 tactis
527 1815 637 1890 simul
654 1841 699 1889 ac
716 1815 840 1917 capita
857 1814 1008 1905 calent,

80 1957 243 2030 Numeris
261 1961 410 2058 repente
427 1955 514 2030 fusis
533 1956 656 2030 subito
674 1953 801 2028 omma
816 1959 1001 2027 resonant.

80 2098 160 2171 Sine
175 2104 212 2172 te
228 2097 319 2171 nihil
335 2104 530 2171 venustum
547 2104 623 2188 est,
639 2096 730 2170 nihil
748 2103 803 2170 est
818 2095 1050 2170 hilarificum.

82 2243 139 2314 Tu
157 2241 288 2313 animis
306 2239 441 2313 acerba
459 2239 557 2312 fessis
575 2243 750 2313 curarum'
767 2260 880 2311 onera
897 2235 1032 2337 abigis,

78 2385 216 2460 adimis
234 2385 411 2486 pudorem
428 2383 616 2484 ineptum,
633 2385 773 2455 secreta
790 2379 990 2482 patefacis,

78 2521 241 2595 ineunda
256 2520 359 2623 pellis
377 2545 503 2594 omues
522 2518 569 2592 ad
587 2517 725 2620 proelia
742 2516 903 2594 Veneris.

76 2660 202 2734 Obitis
214 2713 227 2749 ,
239 2660 361 2758 quiete
378 2659 499 2749 molli,
519 2659 651 2758 quibus
668 2657 809 2759 obtegis
826 2655 965 2730 oculus.

77 2801 245 2904 Agedum
263 2807 388 2903 pater,
406 2801 563 2902 agedum
579 2824 666 2891 rex,
681 2800 837 2904 agedum
852 2798 1009 2874 aetheris
1024 2795 1160 2888 decus,

75 2937 174 3014 Ades
191 2963 325 3038 usque,
343 2964 482 3040 nosque
499 2939 658 3016 clemens
676 2939 784 3018 oculo
801 2941 924 3042 aspice
943 2937 1104 3042 placido.

1065 4277 1482 4808 f
