3036 5114
371 309 426 366 th
636 306 690 366 DE
725 307 763 367 C.
797 305 978 368 VALERIO
1012 307 1206 366 CATVLLO

673 538 717 612 L.
735 536 908 636 Apuleius
922 541 962 609 in
979 534 1171 644 Apologia,
1328 477 1334 484 ·

417 663 555 766 Eadem
581 690 692 792 igitur
716 715 829 792 opera
855 697 1031 764 accusent
1065 693 1109 764 C.
1135 689 1335 782 Catulum,
1379 691 1468 790 qnod
1511 635 1512 640 =

369 804 541 879 Lesbiam
567 829 633 906 pro
660 804 789 880 Clodia
814 805 1028 880 nominarit.

407 986 570 1060 Sidonius
591 983 804 1084 Apoll'noris
821 987 969 1084 epistola
991 1013 1036 1060 ro
1052 987 1077 1060 1.
1098 1015 1119 1062 a
1139 987 1189 1062 od
1203 991 1434 1076 Hesperium.

417 1136 664 1210 Reminiscere
690 1137 789 1238 quod
814 1161 925 1240 saepe
947 1162 1095 1212 versum
1121 1139 1320 1242 complevit
1344 1141 1469 1216 Lesbio
1511 1209 1512 1214 ,

367 1279 453 1328 cum
480 1257 631 1329 Catullo.

423 1431 608 1511 Severiores
624 1435 798 1510 Boitlrius
817 1436 861 1512 de
878 1434 1054 1508 Consolot.
1073 1431 1328 1534 Philosophiae
1346 1439 1371 1514 l.
1392 1440 1417 1513 3

833 1550 951 1622 Prosa
967 1554 1002 1638 4.

413 1708 512 1780 Num
525 1706 578 1778 vis
590 1729 635 1778 ea
647 1709 702 1778 est
714 1705 1010 1806 magistratibus,
1020 1709 1072 1784 ¹ut
1086 1707 1269 1780 utentium
1282 1711 1470 1783 mentibus

364 1821 518 1894 virtutes
535 1819 717 1907 inserant,
734 1820 822 1896 vitia
839 1819 1052 1918 depellant?
1101 1820 1213 1920 Atqui
1229 1845 1304 1895 non
1321 1823 1469 1926 fugare,

364 1936 426 2010 sed
444 1935 627 2008 illustrare
641 1935 763 2034 potius
780 1935 983 2032 nequitiam
999 1931 1138 2021 solent,
1164 1961 1239 2036 quo
1259 1939 1317 2026 fit,
1345 1947 1390 2014 ut
1416 1943 1470 2014 in-

364 2053 571 2152 dignemur,
591 2073 652 2122 eos
670 2073 777 2150 saepe
795 2049 1022 2147 nequissimis
1040 2051 1248 2126 hominibus
1266 2057 1471 2158 contigisse.

363 2166 458 2241 unde
484 2166 645 2238 Catullus
669 2164 756 2240 licet
779 2169 818 2240 in
843 2165 960 2240 curate·
975 2162 1137 2255 Nonium
1154 2169 1471 2261 redamemus-

361 2309 456 2356 mom
477 2281 649 2382 appellat.

392 2398 507 2494 ’(νίά,
526 2421 668 2472 oormen
689 2395 778 2490 52.)

456 2575 643 2650 Diomedes
661 2575 924 2649 Grammaticus
941 2571 999 2646 lib.
1018 2571 1040 2646 3
1059 2595 1090 2645 c.
1111 2574 1135 2646 6
1150 2573 1194 2648 de
1212 2575 1380 2650 lonrhico.

414 2734 528 2806 Cuius
556 2731 726 2808 carminis
751 2729 938 2830 praecipui
965 2730 1158 2831 scriptores
1185 2735 1284 2833 apud
1308 2737 1476 2812 Graecos

342 2845 620 2932 'Archilochum
646 2843 860 2943 Hipponax,
888 2843 986 2940 apud
1012 2845 1200 2918 Romanos
1217 2847 1405 2942 Lucilius,
1434 2859 1476 2925 et

356 2961 546 3048 Catullus,
572 2963 609 3032 et
625 2957 821 3045 Horatius,
838 2960 876 3028 et
895 2955 1104 3035 Bibaculus.

369 3141 600 3215 Terentianus
621 3139 773 3209 Maurus
795 3140 832 3209 in
854 3133 1023 3210 Troototn
1041 3136 1085 3212 de
1106 3139 1273 3226 Litteris,
1300 3139 1477 3244 Syllabis,

411 3255 588 3343 Pedibus,
604 3265 637 3326 et
653 3250 791 3324 Mettis.
805 3276 837 3327 v·
854 3251 926 3325 838
944 3253 1006 3326 ubi
1020 3254 1064 3328 de
1081 3253 1270 3330 Plataeae
1287 3257 1474 3334 lrendeco-

411 3369 558 3470 syllabo.
894 3377 898 3384 '

359 3521 545 3622 Exemplis
561 3521 678 3594 tribus
695 3523 765 3595 hoc
783 3521 907 3595 statim
927 3521 1112 3620 probatis,

360 3639 466 3713 Docti
481 3638 641 3712 carmine
658 3663 753 3737 quae
771 3638 858 3740 legis
880 3637 1014 3708 Catulli
1028 3641 1098 3711 elo.

617 3802 714 3878 Idem
733 3817 888 3877 tractatu
902 3803 1022 3878 eodem
1039 3831 1072 3877 v.
1096 3805 1204 3882 1031.

359 3957 468 4031 Hunc
483 3959 601 4031 lucum
619 3956 684 4030 tibi
697 3955 821 4030 dedico
838 3934 1089 4054 eonsecroque,
1106 3955 1258 4052 Priape,
1276 3969 1343 4030 etc.

358 4073 406 4148 Et
424 4073 556 4146 similes
575 4071 764 4173 pluressic
782 4072 1036 4173 conscripsisse
1055 4071 1236 4150 Catullum

359 4191 501 4263 Scimus
521 4251 551 4263 -
564 4249 597 4260 ..
609 4249 642 4261 ..
654 4247 687 4260 -
754 4251 760 4264 .

411 4303 511 4400 (tid.
529 4329 672 4376 carmen
694 4299 780 4398 18.)
