3036 5114
279 351 323 422 vt

280 601 578 749 Lipsiense,
599 599 747 746 quod
760 599 1004 747 primum
1020 598 1224 743 prodiit
1241 599 1384 709 annu

280 791 572 936 superioris
587 788 789 896 saeculi
804 782 1147 903 LXXXVIII,
1168 785 1384 892 duobus
1515 895 1516 920 ἶ

285 975 557 1085 indicibus
577 969 991 1118 locupletatum,
1008 972 1235 1078 sublatis
1256 973 1389 1080 scri-

282 1193 475 1312 pturae
495 1159 719 1278 mendis,
733 1156 905 1263 nitide
922 1194 986 1261 ac
1002 1157 1287 1304 diligenter
1300 1197 1386 1264 ex-

280 1346 466 1494 pressi.
494 1341 804 1448 Formarum
830 1338 1174 1484 elegantiam,
1203 1336 1385 1484 quoad

282 1529 471 1674 potui,
522 1526 859 1672 ¹eomparavi3
907 1521 1189 1668 puduisset
1240 1525 1428 1632 enim¹

282 1709 602 1816 mollissima
643 1708 906 1822 carmina,
948 1706 1098 1810 nullo
1137 1707 1388 1813 adhibito

285 1892 414 1998 artis
458 1889 755 2018 lenocinio,
803 1891 861 1995 in
904 1890 1083 1994 lucem
1127 1892 1388 1996 emittere.

279 2077 529 2185 Liberius
564 2057 721 2179 latini
760 2073 1038 2217 scriptoris
1075 2075 1387 2222 ingenium,

283 2257 516 2364 dubium
528 2255 626 2361 diu
640 2254 788 2376 feeit,
801 2286 986 2362 utrum
1005 2257 1208 2402 integer
1229 2256 1386 2408 eden·

285 2443 386 2548 dus
406 2469 658 2546 essetnec
678 2479 758 2546 ne.
794 2440 1017 2560 Verum,
1043 2480 1215 2584 quum
1234 2467 1386 2546 tanta

288 2626 358 2730 sit
376 2620 583 2766 ubique
601 2623 953 2766 antiquorum
970 2626 1278 2743 auctoritas,
1300 2653 1386 2742 ut,

251 2787 255 2796 ’
289 2842 427 2949 quae
465 2805 643 2910 minus
674 2806 972 2914 verecunda
1011 2808 1144 2952 ipsis
1178 2807 1389 2914 excide·

285 2989 418 3109 rint,
443 3028 658 3096 omnem
683 2988 992 3096 illecebram
1013 3022 1232 3138 propter
1250 3020 1388 3100 aeta·

285 3202 399 3278 tem
424 3201 477 3290 et
504 3173 747 3280 studium
769 3175 899 3280 artis
925 3174 1207 3282 videantur
1231 3175 1389 3280 amit·-⁸

286 3389 423 3480 tere,
478 3385 657 3465 totum
713 3356 840 3467 dedi
889 3362 1002 3468 sine
1059 3362 1272 3485 fraude,
1328 3403 1392 3469 eo

293 3546 464 3692 magis
501 3545 650 3689 quod
684 3584 792 3651 non
827 3547 1253 3698 adolescentum,
1300 3551 1393 3658 sed

288 3737 574 3842 doctorum
600 3769 762 3838 eausa
787 3733 879 3838 hic
910 3733 1064 3840 labor
1094 3735 1273 3843 fuerat
1304 3777 1394 3844 su·

288 3946 515 4062 sceptus„
572 3917 648 4022 Εο
676 3921 928 4039 accessit,
956 3919 1101 4064 quod
1126 3919 1391 4030 obscoena

287 4139 427 4248 quae
478 4133 680 4224 essent,
738 4132 887 4211 tanta
942 4105 1056 4210 stili
1107 4108 1391 4212 severitate
1498 4187 1499 4190 κ

289 4289 610 4438 Doeringius
644 4286 1029 4440 pertractavit,
1067 4318 1130 4398 ut
1159 4293 1400 4439 scripto·-
