3000 5108
316 251 403 344 138

608 261 648 343 'c.
670 279 838 342 vinnon
873 281 1052 344 crrrner

307 489 404 560 Cum
421 483 632 560 devolutum
649 511 694 560 ex
711 447 792 587 igne
810 507 1032 587 prosequens
1048 509 1184 586 penem

307 605 364 676 Ab
383 605 556 677 semiraso
574 597 788 678 tunderetur
805 610 942 678 ustore.
1394 610 1415 679 5

309 803 341 856 V.
356 809 378 853 5.
396 802 547 854 tonderetur
562 802 670 854 Vossius
691 821 723 854 ex
745 802 896 854 auctoritate
919 799 1093 873 plurimorum
1111 797 1240 855 ldrrorum
1259 811 1312 854 vet.
1329 811 1356 855 et
1378 808 1416 858 sic

307 892 347 936 est
363 884 391 935 in
409 883 474 936 edit·
492 879 596 950 Gryph.
613 889 641 933 el
652 882 743 934 Venet.
761 883 858 951 occipit
874 891 962 934 cirtem
973 883 1082 935 Vossius
1098 883 1205 934 tondere
1217 901 1265 954 pro
1277 885 1415 952 vellicare,

306 968 412 1026 radere,
429 965 544 1016 lacerare
555 971 581 1014 et
591 967 697 1032 carptim
700 963 798 1037 scrire,
813 970 841 1016 et
853 961 928 1016 addit
942 970 1003 1016 anto
1020 962 1197 1032 penultimam
1212 982 1286 1017 more
1302 966 1415 1037 antiquo

305 1046 335 1097 in
352 1043 503 1095 tonderetur
520 1042 625 1112 corripi.

305 1217 374 1278 huic
398 1219 533 1277 animum
558 1214 708 1275 assentari
728 1212 824 1273 indir-

306 1302 407 1370 xeris,
452 1297 482 1356 Ε
500 1298 640 1378 stamma
690 1309 767 1355 etere
795 1309 824 1355 te

306 1381 403 1439 cibum
415 1399 502 1460 posse
510 1377 651 1436 arbitror.
662 1317 734 1436 iinc
744 1375 824 1456 opud

304 1461 445 1520 Plautum
465 1457 610 1518 eiusmodi
630 1457 765 1517 homines
778 1477 825 1516 rs-

304 1562 394 1622 pnces
412 1551 443 1602 et
462 1560 583 1599 voraces
601 1539 748 1620 bustirapi
773 1559 825 1598 vo-

305 1631 422 1681 cantur.
442 1619 580 1680 Pseudol
603 1619 633 1690 Ι,
654 1618 824 1700 3‚127.cf.

304 1705 497 1762 Kircdmann
518 1701 556 1761 de
576 1701 738 1760 Funeriluu
756 1700 824 1759 Ro-

304 1788 404 1844 manis
418 1782 503 1842 Lihr.
518 1784 581 1854 lv,
604 1801 630 1841 c.
644 1781 671 1840 5.
686 1779 824 1862 inprimis

304 1866 510 1925 Hemsterlms.
532 1863 569 1922 od
589 1863 713 1922 Lucinn.
734 1862 775 1922 'l'e
793 1862 823 1936 l,

305 1967 337 2027 p.
366 1947 434 2024 519.
462 1947 560 2026 Atque
586 1941 646 2004 huc
671 1942 824 2023 pertinere

303 2027 393 2086 etiem
405 2033 480 2108 puto
499 2023 599 2085 locum
619 2023 751 2098 Tibulli,
771 2025 824 2084 ubi

302 2116 391 2188 poeto
410 2114 617 2189 paupertatem
642 2105 824 2186 imprecetur

305 2188 438 2248 aniculae
466 2188 524 2246 hoc
550 2185 641 2245 modo
668 2186 697 2260 Ι,
726 2185 753 2248 5.
775 2185 822 2248 53.

302 2271 395 2352 Ipsa,
408 2271 501 2352 same
520 2268 691 2326 stimulante
693 2268 819 2348 sarens,

303 2371 442 2433 escasque
454 2349 614 2431 sepulcris,
731 2361 780 2422 at,
793 2364 822 2409 et

302 2453 324 2490 a
338 2433 431 2491 saevis
444 2451 513 2489 ossa
525 2429 632 2488 relicta
657 2431 734 2524 upis.
753 2431 822 2490 Non

303 2511 385 2571 enim
419 2531 490 2570 cum
521 2513 643 2590 Heraia
673 2531 705 2570 ιιι
734 2529 823 2572 versu

303 2591 411 2653 maiori
423 2593 584 2674 herbasque
595 2592 753 2674 sepulcris,
770 2591 823 2652 sed

301 2687 373 2734 cum
406 2673 529 2734 Murem
557 2673 656 2756 potius
684 2693 823 2753 escasque

304 2755 449 2837 sepulcris
474 2752 636 2834 legendum
656 2773 718 2813 esse
760 2763 821 2814 uto.

303 2837 349 2896 Ex
358 2855 428 2895 meo
437 2833 518 2894 enim
529 2853 617 2894 sensu
626 2774 758 2918 proveri

301 2915 351 2977 illo
391 2923 557 2976 extremum
599 2914 822 2976 mendicitatem

299 2996 494 3059 describendi
507 2995 555 3056 vel
570 2995 755 3078 imprecandi
773 2997 823 3057 lo·-

302 3081 384 3139 cutio
403 3099 521 3138 escars
559 3077 651 3138 ulcris
663 3099 818 3160 quaerere,

298 3160 330 3219 h.
344 3181 370 3220 e.
384 3159 423 3220 de
438 3099 682 3240 rogodieripem
702 3167 737 3218 nt
750 3177 823 3240 gm-

300 3242 368 3302 vior
382 3250 412 3300 ct
425 3239 635 3323 imprecationi
647 3260 823 3301 accommo-

302 3321 410 3396 dntior,
420 3321 509 3402 longe
523 3321 718 3400 praeferende
732 3321 822 3382 vide-

305 3401 825 3484 tnrinsolentietnovoeplnnepen-

305 3485 428 3566 peitatis
437 3483 645 3564 descriptioni:
659 3485 763 3543 herhas
772 3507 822 3544 se·

301 3567 417 3648 pulcris
426 3586 578 3646 quaerere.
589 3565 652 3624 Nec
662 3585 775 3638 censae,
786 3585 824 3626 ex

304 3647 413 3728 quibus
424 3645 537 3706 Mureti
550 3644 709 3706 lectionem
722 3669 823 3706 escas-

303 3751 360 3818 que
380 3725 575 3788 reiiciendnm
594 3735 695 3787 censet
715 3730 766 3787 He
786 3750 824 3786 ne

305 3829 336 3866 m
356 3808 514 3871 Observst.
533 3807 571 3870 ed
591 3808 704 3874 Tibull.
724 3751 823 3891 py50.

760 2832 826 2895 ielis¹

889 1206 958 1274 sniis
988 1209 1113 1272 idoneae
1146 1210 1307 1273 videntur:
1341 1235 1412 1273 nam

889 1294 1023 1374 primum
1030 1315 1092 1353 non
1103 1293 1141 1354 de
1150 1295 1316 1366 silicernio,
1328 1297 1411 1377 quod

870 1427 872 1432 .
889 1374 927 1434 ab
939 1377 1012 1435 escis
1013 1375 1169 1457 feralibus
1177 1378 1251 1454 ringo
1261 1377 1415 1457 impositis

888 1454 1135 1536 distinguendum
1146 1475 1208 1516 esse
1218 1455 1309 1516 docet
1316 1459 1414 1517 Hem-

889 1541 1012 1598 sterlsus.
1034 1535 1055 1596 l.
1076 1535 1096 1595 l.
1117 1557 1190 1597 cum
1210 1539 1336 1598 Meu-eto
1358 1561 1415 1599 co-

890 1616 1047 1697 gitandum
1080 1628 1139 1689 est;
1171 1615 1298 1692 deinde,
1332 1623 1413 1702 quod

890 1698 973 1759 addit
991 1697 1050 1759 Vir
1075 1718 1225 1771 summus,
1249 1702 1306 1759 hoc
1328 1701 1415 1772 (sili-

890 1781 1041 1854 cernium)
1067 1779 1200 1838 dabatur
1219 1781 1264 1840 ad
1284 1803 1409 1862 rogum,

889 1881 950 1921 aon
983 1861 1028 1920 ad
1064 1863 1249 1943 sepulcrum,
1287 1863 1413 1922 minime

890 1961 1034 2002 enomere
1047 1950 1145 2022 potest
1157 1939 1217 2001 loci
1232 1941 1412 2024 explicatio-

889 2043 977 2096 nem,
1005 2043 1075 2083 cnm
1101 2024 1273 2106 sepulcrum
1299 2044 1339 2086 ox
1359 2047 1413 2084 nsu

888 2101 919 2162 lo
962 2103 1032 2164 endi
1046 2103 1093 2166 vel
1107 2104 1145 2164 de
1165 2104 1231 2186 ipso
1250 2125 1347 2186 rogo,
1367 2107 1412 2166 vel

889 2183 927 2246 de
950 2195 1110 2258 concerto,
1121 2185 1174 2246 uhi
1184 2205 1277 2267 rogus
1288 2197 1410 2247 exstru-

889 2275 955 2326 ctus
974 2265 1047 2339 tuit,
1067 2275 1149 2326 reete
1168 2265 1296 2327 omnino
1317 2271 1411 2349 accipi

888 2365 974 2427 posse
988 2347 1131 2408 videatur.
1147 2347 1199 2408 Sic
1214 2349 1343 2410 Terent.
1353 2355 1413 2410 An-

890 2429 955 2490 dria
976 2429 1007 2500 l,
1032 2453 1063 2503 1,
1088 2451 1152 2490 roo.
1172 2430 1275 2488 Funus
1288 2433 1414 2490 interim

885 2511 1040 2594 precedit:
1057 2511 1232 2593 Sequimur:
1243 2511 1294 2569 ad
1306 2515 1411 2593 sepul-

863 2614 972 2652 ·crum
993 2594 1139 2651 venimus.-
1167 2591 1206 2649 In
1227 2593 1330 2672 ignem
1351 2596 1412 2652 im-

885 2676 987 2754 posita
1000 2687 1051 2733 est.
1066 2681 1097 2732 et
1108 2672 1152 2732 sic
1164 2691 1275 2752 pmm
1287 2675 1410 2756 sepelire

889 2762 923 2813 ut
943 2755 1129 2815 Graecorum
1146 2755 1260 2816 eterna,
1278 2775 1338 2835 pro
1350 2777 1412 2814 cre·

888 2857 989 2906 mare,
1004 2835 1053 2896 vel
1066 2834 1104 2894 do
1116 2834 1319 2895 combustione
1330 2857 1409 2895 mor·

889 2921 933 2975 tui
939 2916 1060 2977 dicitur.
1068 2914 1128 2976 vid.
1138 2917 1247 2996 Cuper.
1255 2915 1412 2978 otmar.

889 2996 922 3069 l,
952 3019 979 3079 7.
1006 2998 1136 3057 Dorvttt.
1162 2995 1207 3057 ad
1237 2997 1355 3058 Clarii.
1405 3043 1411 3056 .

889 3082 959 3153 244
989 3078 1061 3138 edit.
1091 3079 1173 3161 Lips
1204 3085 1235 3137 et
1264 3099 1342 3161 quos
1372 3021 1412 3138 iii

888 3157 997 3220 laudnt

931 3243 972 3303 V.
994 3241 1024 3302 5.
1046 3242 1084 3301 ab
1103 3243 1247 3301 semtraso
1268 3253 1370 3301 ustore
1392 3273 1412 3287 -

888 3335 987 3395 ustor,
1018 3325 1173 3392 νικμθᾶιιης
1195 3319 1244 3382 vel
1264 3325 1409 3391 impertirer:

888 3421 994 3464 servus
1002 3401 1411 3464 bustum-inescombnrendo

890 3483 1051 3557 cadavere,
1084 3474 1176 3566 quod
1198 3481 1340 3556 curabat,
1373 3485 1411 3544 its

888 3564 995 3626 dietus.
1022 3567 1200 3638 semirasus,
1238 3563 1310 3647 quia
1329 3565 1410 3626 eius-

890 3645 973 3707 modi
998 3645 1096 3706 mnnci
1120 3645 1219 3707 iorum
1239 3665 1336 3726 genus
1353 3646 1409 3706 ed-

891 3728 1017 3788 modum
1113 3727 1197 3788 idum
1216 3737 1247 3788 et
1266 3730 1408 3788 semiraso

891 3807 1069 3894 plerumque
1088 3809 1198 3894 capilo
1216 3808 1282 3870 tuit
