3036 5114
337 353 361 408 L
611 353 666 410 DE
690 353 726 410 C.
755 351 935 408 VALERIO
959 349 1153 410 CATVLLO

436 608 618 679 Martialis
628 608 700 680 lib.
725 635 736 676 1
759 606 888 706 Epigr.
905 601 1066 705 Epistola
1082 583 1132 677 ait
1146 605 1342 678 lectorem.

348 812 352 828 ·
390 775 598 848 Lasciviam
615 775 810 848 verborum
829 775 1042 864 veritatem,
1068 773 1105 847 id
1122 779 1177 846 est
1194 773 1453 873 Epigramma-

341 897 404 964 tun
429 891 599 992 linguam
620 915 854 979 excusarem,
887 892 917 962 si
943 916 1068 964 meum
1094 896 1189 962 esset
1214 889 1451 988 exemplunm

318 1009 390 1078 -sie
417 1008 543 1080 scribit
570 1005 754 1088 Catulus,-
778 1007 829 1078 sic
851 1008 1016 1094 Marsus,
1043 1007 1096 1080 sic
1120 1006 1237 1097 Pedo,
1263 1005 1314 1078 sic
1333 1007 1452 1078 Getu-

278 1127 282 1136 “
340 1123 452 1212 licus,
478 1123 529 1194 sic
555 1123 777 1218 quicumque
803 1119 1013 1221 perlegitur.

683 1312 780 1386 Idem
797 1313 856 1386 lib.
879 1340 891 1383 1
914 1317 1029 1410 epigr.
1048 1313 1112 1386 62.

343 1485 486 1554 Verono
511 1482 607 1556 docti
630 1481 791 1578 syllabas
817 1487 921 1554 amat
944 1485 1047 1559 vatia

683 1679 783 1754 Idem
798 1682 859 1754 lib.
876 1697 898 1754 2
914 1685 1029 1781 epigr.
1051 1706 1110 1776 71·
1147 1768 1154 1784 ,

345 1852 515 1924 Protinus
541 1854 608 1923 aut
633 1850 744 1922 Marsi
769 1849 924 1940 recitas,
951 1856 1017 1922 aut
1042 1851 1179 1950 scripta
1205 1849 1350 1925 Catulli.

615 2105 619 2114 .
688 2013 787 2116 ldem
803 2045 862 2116 lib.
881 2048 1038 2144 4epigr.
1062 2060 1117 2138 ¹4·

347 2216 407 2286 Sic
432 2214 552 2285 forsan
578 2219 682 2285 tener
707 2237 818 2285 ausus
845 2219 901 2286 est
928 2213 1092 2284 Catullus

345 2315 485 2426 tlagno'
509 2327 652 2399 mittere
677 2325 865 2399 Passerem
891 2325 1047 2398 Maroni.

700 2517 798 2594 Idem
812 2521 871 2594 lib.
888 2522 909 2592 5
926 2524 1044 2620 epigr.
1062 2515 1098 2594 5.

349 2691 404 2762 Sit
428 2689 532 2763 locus
558 2697 596 2764 et
620 2689 756 2762 nostris
781 2689 906 2785 aliqua
931 2687 998 2759 tibi
1024 2692 1129 2787 parte
1155 2686 1306 2775 libellis,

398 2805 482 2892 Qua
499 2803 614 2892 Pedo,
632 2827 706 2901 qua
724 2804 889 2888 Marsus,
909 2825 1056 2899 quaque
1074 2800 1234 2874 Catullus
1252 2803 1336 2874 erit.

692 2991 791 3070 Idem
808 2997 869 3069 tt.
889 3017 906 3087 7
925 2999 1041 3095 epigr.
1062 3010 1119 3087 ¹4·

350 3163 492 3235 Accidit
510 3163 698 3236 inflandum
717 3162 1018 3252 nostrae'sceIuS,
1038 3163 1151 3253 Aule,
1168 3157 1331 3265 puellae:

398 3279 533 3350 Amisit
548 3278 672 3367 lusuS,
689 3279 909 3376 deliciasque
927 3305 1025 3352 suas,

213 3488 214 3496 ἵ
350 3397 431 3465 Non
450 3392 577 3489 quales
595 3394 708 3466 teneri
727 3394 885 3493 ploravit
903 3395 1026 3465 amica
1045 3395 1179 3468 Catulli

397 3509 545 3597 Lesbia,
563 3509 734 3606 nequitiis
751 3509 917 3584 Passeris
938 3509 1031 3580 orba
1049 3508 1117 3581 sui.

695 3703 794 3778 Idem
812 3703 872 3776 lib.
892 3701 917 3776 8
933 3709 1049 3805 epigr.
1065 3707 1128 3808 73.

313 3855 316 3864 '
350 3875 476 3948 resia
493 3873 663 3962 <ricula
677 3857 780 3946 aaa
798 3874 954 3962 cusae,
977 3872 1057 3945 tar.

675 4028 781 4140 xIdem
799 4067 857 4140 lib.
883 4092 924 4140 ιο
941 4073 1058 4166 epigr.
1079 4069 1140 4160 78.

351 4237 425 4306 Nec
452 4234 587 4306 multos
613 4234 702 4306 milri
729 4237 913 4334 praeferas
940 4235 1106 4334 priores,

268 4410 273 4419 .
354 4351 433 4424 [inu
460 4349 522 4423 sed
548 4350 614 4422 tibi
641 4352 711 4422 sim
736 4351 860 4424 miuus·
887 4352 1041 4424 Culull.
