3010 5092
480 242 654 305 CARMEN
688 231 813 302 xxiii.

90 451 169 528 Nec
184 447 340 523 mirum:
358 447 452 522 bene
468 471 558 520 nam
572 445 702 520 valetis
718 469 867 534 omnes,
931 505 933 530 ,

90 563 251 638 Pulchre
268 563 516 662 concoquitis,
532 561 622 638 nibil
637 561 790 639 timetis:

92 681 178 752 Non
193 679 382 768 incendia,
401 703 475 750 non
492 701 621 778 graves
638 676 788 764 ruinas,

92 795 176 866 Non
194 795 293 866 facta
309 795 442 894 impia,
458 817 534 866 non
552 790 653 866 dolos
669 789 821 878 veneni,

92 908 176 978 Non
195 930 303 978 casus
320 906 410 980 alios
427 905 687 1008 periculorum

92 1017 210 1116 Atqui
227 1043 384 1120 corpora
400 1020 555 1096 sicciora
572 1041 712 1108 cornu,
794 1093 801 1106 ,

94 1131 192 1220 Aut,
210 1132 240 1203 si
257 1133 344 1230 quid
360 1135 475 1237 magis
494 1133 638 1207 aridum
655 1137 731 1219 est,
748 1126 915 1217 habetiS,

95 1243 179 1316 Sole
196 1250 235 1316 et
250 1245 381 1348 frigore
397 1252 435 1320 et
450 1245 660 1324 esuritione.

96 1365 223 1450 Quare
241 1385 315 1432 non
334 1361 400 1432 tibi
417 1361 464 1433 sit
478 1361 572 1434 bene
589 1384 633 1432 ac
649 1355 785 1432 beate?

97 1471 129 1542 Α
147 1478 184 1544 te
201 1471 314 1544 sudor
329 1473 455 1564 abest5
473 1474 579 1547 abest
594 1471 711 1545 saliva

97 1588 305 1686 arnousque
322 1595 360 1662 et
376 1590 476 1682 mala
493 1589 627 1690 pituita
643 1587 736 1660 nasi.

98 1703 208 1776 lianc
226 1705 273 1778 ad
289 1706 506 1780 munditiem
522 1703 613 1778 adde
629 1703 881 1796 mundiorem,

100 1817 211 1908 Quod
227 1817 334 1894 culus
348 1819 416 1892 tibi
432 1819 559 1920 purior
573 1816 691 1894 salillo
708 1821 785 1904 est3

133 2057 167 2108 V.
181 2074 221 2114 ιι.
240 2059 293 2111 An
308 2061 353 2128 qui
369 2057 437 2112 sut.
453 2054 483 2109 ia
499 2073 548 2111 sno
565 2064 593 2109 st
608 2052 710 2108 duobos
726 2051 803 2108 libris
814 2047 905 2107 Maffei
915 2059 1058 2124 reperent,
1071 2050 1140 2105 nndc
1152 2051 1211 2124 ipss

102 2139 244 2212 logentium
260 2139 374 2216 putabat
394 2139 431 2192 Ut
447 2142 507 2208 qui,
524 2135 680 2192 redamatu
697 2135 799 2189 vossio.

142 2363 187 2424 V.
203 2383 232 2442 7.
250 2359 321 2421 benc
331 2383 361 2421 n.
371 2353 521 2422 volomn.
536 2357 624 2420 Lau-

104 2445 180 2506 dant
199 2443 275 2503 Hor.
298 2444 360 2503 Sat.
379 2443 432 2515 11,
451 2463 480 2502 ι.
502 2465 531 2504 v.
543 2463 601 2580 po.

146 2527 190 2586 V.
208 2546 252 2584 ιο.
268 2523 438 2605 Nonsocta
454 2525 528 2605 imp.
556 2531 623 2582 urta

105 2605 154 2667 vol
167 2603 274 2667 caedes
289 2603 447 2665 bominum
465 2604 624 2686 improbo·

107 2707 191 2752 rum.

147 2771 192 2830 V.
220 2789 265 2826 ιι.
289 2787 376 2828 carna
399 2766 476 2826 alios
497 2767 623 2848 pericul.

105 2847 239 2912 debebat
251 2867 313 2910 esse
327 2849 456 2910 alienam
463 2848 624 2940 periculo-

106 2955 199 3004 ηυη,
231 2927 283 2989 sed
316 2928 389 2990 baec
422 2929 624 3010 epithetorum

105 3009 303 3096 permutatio,
314 3008 507 3092 (hypallaoen
514 3019 625 3072 vocant

106 3091 329 3164 Grammatici)
347 3055 559 3174 poitisiatinis
580 3101 624 3154 cst

105 3173 624 3260 frequentissimacasussubitorum

103 3255 312 3342 periculorum
349 3253 423 3328 dicit
454 3255 562 3315 Cicero
592 3255 624 3316 ia

106 3339 207 3422 Epist.
220 3335 259 3396 ad
272 3335 378 3396 Famil.
394 3335 451 3406 VI,
466 3337 493 3408 4.
509 3335 561 3398 ubi
575 3337 625 3398 vi-

107 3421 166 3493 de,
188 3437 264 3502 qnae
283 3417 322 3477 ad
342 3419 402 3477 boc
421 3437 543 3480 carmen
563 3417 624 3478 ob-

107 3511 210 3564 servat
231 3497 398 3562 Victorius.

149 3583 295 3643 v.12.A
330 3579 627 3643 unmnmndahaec

108 3661 260 3746 particula
271 3661 300 3722 ι’
324 3671 392 3722 elur
402 3662 540 3741 inprimis
551 3663 589 3722 ad
600 3687 627 3724 v.

108 3765 139 3824 9.
165 3753 199 3804 ut
218 3743 273 3802 sit:
294 3762 358 3802 non
378 3743 517 3802 incendia
536 3742 629 3804 time-

108 3827 165 3897 tis,
180 3845 252 3886 cum
271 3832 371 3884 ulmea
389 3843 517 3904 corpora
530 3844 630 3883 cornu

107 3907 240 3970 sicciora
251 3903 394 3977 babeatis,
403 3925 479 3988 quac
490 3903 630 3966 facillime

108 3991 266 4050 flammam
284 3985 446 4067 coacipcns
470 4005 559 4068 posse
576 3987 629 4044 vi-

108 4073 237 4132 dentur.
260 4065 357 4126 Aliter
375 4067 426 4128 rix
443 4086 539 4128 nexus
558 4085 630 4126 ora-

108 4151 205 4212 tionis
229 4155 363 4228 apparu.
404 4149 529 4208 Vossius
546 4151 631 4230 alqui

109 4257 146 4294 ex
149 4232 246 4317 plicat
255 4245 282 4291 er
292 4243 387 4302 cerm
399 4230 452 4292 scd
466 4249 562 4312 acque
572 4231 630 4294 hoo

696 2355 844 2442 quadrare
869 2355 1007 2433 videtur,
1032 2356 1091 2418 nisi
1119 2356 1212 2419 maris

695 2443 781 2523 alqui
811 2438 977 2520 explicare:
1031 2462 1122 2512 orro,
1153 2442 1211 2500 linc

694 2522 812 2583 accedit
838 2521 937 2595 quod,
967 2535 998 2582 ac
1039 2522 1071 2582 in
1091 2520 1147 2583 bac
1165 2520 1209 2581 si-

697 2603 888 2683 gnificatione
902 2605 1040 2685 nuspiam
1053 2603 1131 2664 banc
1144 2623 1214 2684 par·

696 2684 820 2744 ticulum
850 2684 902 2746 'mc
937 2683 1039 2746 lecrc
1075 2683 1213 2746 memini.

698 2767 841 2848 Corpora
853 2769 933 2828 sicca
949 2705 1127 2849 pleramque
1138 2786 1214 2846 gau-

697 2846 771 2908 dent
796 2847 984 2922 salubrisne,
1008 2849 1079 2931 quia
1098 2846 1214 2907 siccitas

697 2927 794 2990 oritur
809 2951 826 2990 e
844 2928 1045 3001 continentia,
1062 2927 1215 2990 laboribus

699 3019 729 3070 et
748 3009 1020 3072 exercitationibus.
1050 3011 1091 3070 cf.
1106 3008 1215 3068 Cicero

698 3091 822 3155 Tuscnl.
837 3095 879 3165 V,
890 3091 937 3170 34.
952 3099 982 3150 et
996 3089 1137 3176 Xenoph·
1151 3090 1212 3172 ey-

697 3173 958 3256 ropaed.1‚2.-
1255 3235 1259 3242 ,

739 3257 778 3315 V.
794 3279 838 3339 ¹7·
849 3253 1144 3335 Mocusqucctmula
1151 3253 1209 3338 pit.

698 3355 805 3398 raucus
829 3346 859 3397 et
879 3335 986 3420 pituita
1016 3334 1055 3396 ita
1080 3333 1160 3395 inter
1184 3351 1215 3394 sc

698 3417 858 3491 differunt,
879 3427 913 3478 ut
932 3416 981 3476 ille
999 3413 1037 3476 de
1057 3414 1215 3495 crassiori,

698 3499 772 3560 hacc
791 3499 829 3560 de
848 3497 1004 3581 liquidiorl
1022 3496 1087 3558 nui
1106 3515 1215 3556 exerc·

699 3591 803 3646 mento
823 3579 953 3644 dicatur.

741 3665 780 3722 V.
803 3681 847 3741 19.
863 3664 973 3744 purior
991 3657 1105 3718 salillo.
1137 3656 1215 3719 mira

700 3743 829 3826 quadarn
842 3743 973 3825 puritate
982 3737 1074 3803 salem
1088 3747 1218 3802 metare

700 3825 835 3886 solebant
844 3835 974 3896 vetem,
989 3831 1020 3884 ct
1028 3843 1101 3906 prae
1111 3822 1219 3884 celcris

700 3907 775 3968 vasis
790 3907 951 3988 praecipue
967 3903 1068 3966 salinis
1087 3905 1219 3967 nitorem

701 3997 732 4046 ct
742 3987 933 4068 splendorem
940 3983 1112 4047 conciliare.
1126 3987 1219 4062 Vide,

702 4089 780 4161 quiae
792 4068 822 4126 in
834 4067 983 4132 bonorem
991 4067 1067 4130 colle
1089 4069 1219 4130 itMeur·

703 4171 763 4210 arus
781 4148 819 4210 ad
836 4150 988 4233 Lycopbr.
1004 4173 1033 4210 v.
1059 4091 1143 4225 135„
1166 4147 1219 4210 ubi

702 4230 744 4294 nl
761 4234 853 4304 sisaim
873 4235 942 4304 alyn
960 4239 1093 4298 Vocalur·
