3000 5108
508 283 682 351 osunen
722 291 824 350 nxn.
1131 257 1217 382 ¹75

109 541 115 550 .
154 493 216 553 sive
233 489 404 566 solutiores,
426 492 531 574 quibus
550 490 729 564 devolvitur,
752 512 891 552 numeros
909 505 1041 574 spectes,
1066 493 1221 575 singulare

153 585 248 665 plane
278 607 424 645 romanae
446 593 569 667 poiseus
593 599 834 654 monumentum,
864 585 947 666 quod
973 584 1113 665 qudem,
1150 607 1219 646 cnm

154 679 279 737 omnino
293 679 331 736 ab
350 681 468 758 ingenio
485 677 600 739 Catulli
612 680 788 750 abliorrere,
810 691 839 736 et
858 679 1022 736 vetustioris
1032 681 1150 758 potius,
1172 681 1221 737 di·

156 773 337 851 tltyrambici
345 776 497 858 sortasse,
517 779 625 855 peltae
637 795 713 854 opus
726 795 786 832 esse
799 773 951 844 videatur,
973 786 1067 832 totum
1081 795 1097 832 e
1108 795 1218 854 graeco

155 863 290 947 quodam
309 869 454 947 scriptore
471 867 651 926 translatum
665 869 777 927 censuit
789 869 851 926 iant
866 869 981 947 insigne
993 863 1074 925 illud
1087 867 1223 947 Angliao

153 962 264 1034 decus,
282 963 444 1022 Wertonus
464 961 498 1020 in
515 961 693 1042 Sammlnng
713 960 910 1023 vermuchter
930 960 1085 1022 Schriften
1106 962 1137 1021 Β.
1155 963 1219 1036 Vl,

154 1075 185 1138 p.
207 1043 263 1114 281'
273 1097 283 1128 ,
304 1054 412 1114 Berlin.
439 1055 527 1134 1763.
545 1057 614 1120 Alii
633 1055 778 1115 levissimo
792 1069 968 1137 argumento
981 1053 1114 1127 inducti,
1137 1055 1222 1134 quod

152 1168 248 1228 supra
275 1149 417 1208 Carmine
442 1149 582 1220 XXXV,
609 1173 634 1209 v.
666 1171 711 1232 ¹7·
735 1149 849 1208 dicitur
876 1182 896 1193 -
923 1158 968 1208 est
990 1147 1072 1208 enim
1098 1155 1224 1208 venuste

156 1242 271 1321 Magne
288 1243 417 1304 Caecilio
437 1243 575 1306 inchoate
594 1253 708 1319 males,
728 1247 860 1306 Caecilio
881 1246 937 1304 boo
956 1265 1079 1304 carmen
1092 1245 1221 1305 tribuen-

154 1333 230 1394 dum
244 1357 306 1396 esse
318 1338 456 1398 arbitrati
468 1353 544 1400 sunt.
560 1374 580 1385 -
597 1339 717 1422 Optime
729 1339 769 1400 de
780 1341 836 1400 lsoc
849 1340 984 1398 carmine
996 1337 1218 1410 diiudicet-rulo,

154 1440 184 1486 et
204 1429 428 1512 interpretando
448 1432 637 1493 hauddubie
656 1436 764 1493 meruit
786 1433 833 1492 Cl.
858 1432 1037 1491 Wertlsesius
1044 1472 1054 1502 ,
1070 1432 1153 1489 cuius
1164 1433 1221 1488 in-

155 1528 364 1604 terpretationi
383 1527 504 1588 adiecta
522 1544 564 1588 est
576 1527 695 1590 erudita
709 1528 749 1588 de
761 1529 887 1588 obscura
900 1539 928 1586 et
942 1528 1021 1586 mira
1035 1527 1221 1586 narrationis

154 1621 300 1680 varietate
317 1623 467 1705 implicita
489 1623 610 1702 Cybeles
629 1637 657 1682 ct
677 1625 793 1682 Attinis
804 1621 915 1705 subula
928 1621 1114 1708 disquisitio,
1136 1624 1221 1681 cuius

155 1737 276 1775 suntmu
284 1719 357 1799 sere
376 1720 449 1779 lsacc
467 1732 525 1778 est:
547 1719 662 1790 '1¹erro,
681 1720 814 1778 omnium
835 1730 931 1777 mater
949 1719 1067 1776 inventa
1084 1739 1163 1799 prae
1174 1740 1222 1778 ce-

152 1814 226 1870 teris
245 1813 307 1872 diis
326 1812 494 1896 deabusque
512 1814 648 1874 omnibus
667 1835 687 1872 a
704 1816 808 1896 prisca
827 1813 1001 1873 mortalium
1013 1828 1100 1894 gente
1112 1814 1219 1876 divino

152 1904 267 1964 nonore
285 1905 367 1966 culta
375 1908 444 1989 suit
462 1922 490 1968 et
508 1930 529 1968 a
549 1908 674 1968 diuersis
689 1908 811 1991 populis
824 1906 943 1967 diversa
956 1909 1080 1966 nantino
1094 1913 1221 1990 accepit.

153 2028 175 2042 -
195 2019 217 2058 a
239 1999 404 2082 Phrygibus
424 2016 528 2061 vocata
548 2015 590 2062 est
610 1999 722 2081 Cybele
742 2000 793 2072 (dc
813 2001 929 2072 Terra,
948 1997 1075 2080 Cybeles
1095 2000 1223 2060 nomine

151 2087 312 2169 insignito,
325 2097 369 2151 est
381 2089 464 2153 locus
477 2091 614 2156 classicus
626 2094 706 2176 apud
719 2095 841 2155 Lueret,
855 2092 906 2164 11,
919 2092 987 2170 598.
1000 2101 1097 2174 seqq.)
1114 2091 1220 2152 Cultus

149 2182 215 2240 eius
228 2185 261 2242 in
274 2199 374 2274 monte
385 2185 447 2246 Ida
459 2199 501 2269 est
514 2190 699 2261 notissimus,
715 2190 786 2270 ipsa
796 2189 879 2247 ratio
889 2199 988 2244 autem
995 2228 1005 2258 ,
1026 2207 1088 2260 qun
1101 2205 1218 2265 magno

154 2280 338 2340 musicorum
364 2281 624 2342 instrumentorum
651 2285 749 2342 sonitu
775 2296 803 2342 et
828 2283 942 2340 insanis
969 2280 1112 2364 tripudiis
1137 2283 1221 2341 culta
1320 2307 1324 2318 ‘

151 2373 284 2446 dicitur,
312 2377 473 2459 menesteus
495 2379 616 2459 priscae
640 2391 669 2437 et
692 2376 779 2436 rudis
802 2379 991 2458 antiquitatis
1012 2379 1219 2459 praesefert

150 2473 287 2552 vestigia.
309 2505 329 2516 -
350 2471 495 2531 Eiusdem
509 2467 695 2553 antiquitatis
710 2471 827 2555 videtur
839 2473 934 2531 cultus
947 2471 1040 2546 Solis,
1063 2475 1113 2534 cui
1125 2495 1221 2554 aeque

148 2587 189 2623 ae
219 2567 334 2624 Terrae
356 2567 441 2624 varia
466 2587 486 2624 a
512 2568 602 2625 variis
623 2567 744 2647 populis
767 2565 868 2624 indita
894 2580 961 2626 sunt
983 2569 1116 2626 nentina.
1158 2567 1220 2626 Sat»

148 2659 270 2718 Attinis
298 2660 417 2717 nomine
443 2657 577 2740 Phryges
601 2661 703 2720 divino
723 2661 835 2720 bonore
854 2649 953 2718 Solem
969 2673 1138 2742 persecutos
1157 2681 1219 2718 essu

146 2764 278 2810 testatur
290 2746 425 2810 tttaorob.
439 2751 559 2836 Saturn.
574 2751 607 2826 1,
629 2775 656 2813 c.
671 2775 719 2812 21.
745 2753 912 2833 Aptissime
923 2763 1023 2810 autem
1040 2752 1137 2810 Terra
1151 2751 1218 2810 Soli

144 2843 263 2905 addita
281 2859 325 2904 cst
342 2844 474 2914 conium
495 2847 604 2907 ethius
618 2869 734 2930 quoquc
746 2849 919 2926 coniugium
933 2846 980 2905 vel
990 2867 1078 2906 umor
1095 2847 1220 2924 Cybeles

144 2952 174 2998 et
202 2937 323 2998 Attinis
347 2938 523 3020 repetendus
542 2953 593 3001 est.
615 2973 635 2986 -
655 2975 675 2986 -
696 2947 746 3024 (p.
768 2941 816 3016 48.
837 2947 996 3001 auctorum
1016 2939 1048 2998 in
1068 2938 1218 3000 tradendo

145 3030 263 3092 Attinis
286 3029 393 3111 mytho
417 3031 579 3112 exponitur
602 3031 818 3118 discrepantia)
846 3037 915 3094 Fuit
940 3035 1010 3092 Atis
1034 3053 1076 3091 ex
1100 3033 1220 3091 descri-

144 3129 256 3208 ptione
269 3125 385 3185 Catulli
401 3129 511 3188 iuvenis
515 3127 756 3210 formosissimus
771 3137 815 3202 (v.
830 3129 878 3190 63.
893 3137 994 3212 seqq.)
1008 3149 1094 3208 quem
1108 3130 1135 3187 si
1146 3149 1216 3187 cum

149 3221 304 3306 Apolline
318 3225 556 3304 comparaveris,
577 3225 714 3285 eumdem
730 3226 782 3285 sub
799 3225 852 3284 illo
869 3224 1065 3308 lateresacile
1077 3223 1129 3282 tibi
1140 3244 1219 3305 pet·-

146 3319 294 3380 suadcas.
315 3351 335 3362 -
357 3317 494 3379 Collectis
511 3321 660 3400 omnibus,
683 3345 760 3404 quae
776 3321 816 3381 de
829 3324 946 3383 Attinis
964 3321 1065 3401 ntyelo
1083 3323 1220 3381 circum-

130 3416 303 3498 finmtur,
317 3414 478 3492 praecipue
491 3415 517 3472 si
529 3415 592 3474 eius
606 3430 730 3475 mortem
745 3437 787 3476 ex
799 3418 952 3477 communi
963 3417 1028 3490 sere
1039 3418 1216 3476 narratione

143 3507 178 3566 in
193 3505 279 3564 silvis
292 3504 472 3564 subsecutam
486 3509 673 3589 respicimus,
693 3509 846 3570 Adonidis
860 3511 951 3572 morti
962 3511 994 3568 iu
1009 3509 1067 3567 ltac
1081 3507 1219 3566 resimil-

141 3599 278 3668 ll'mams
313 3594 413 3666 (unde
439 3592 576 3676 fortasse,
607 3602 689 3686 quod
716 3603 804 3665 docet
830 3603 956 3666 Proclus
982 3599 1159 3663 Diadochus
1186 3599 1219 3660 in

141 3689 278 3754 Ptolem.
307 3687 429 3749 Tetreh.
456 3714 486 3774 p.
515 3714 561 3778 79.
589 3695 735 3759 Adonidis
763 3708 793 3759 et
819 3697 928 3759 Attinis
952 3715 1035 3756 socru
1054 3713 1142 3776 saepe
1161 3713 1219 3774 pro

143 3786 260 3850 iisdem
275 3802 333 3866 per
346 3779 504 3876 Phrygiam
517 3799 546 3850 ct
561 3791 686 3873 Lydium
697 3793 795 3854 habits
808 3802 889 3868 suut)
903 3815 979 3852 uuus
988 3812 1089 3854 corum
1102 3791 1219 3872 Regum

139 3885 198 3946 ille
205 3882 313 3972 fuisse
332 3875 459 3952 videtur,
485 3887 542 3966 qui
563 3899 655 3946 totam
676 3891 766 3950 vitans
787 3893 819 3950 in
838 3889 920 3950 silvis
933 3879 1068 3948 venando
1082 3879 1220 3945 consum-

79 4045 83 4054 ,
139 3981 229 4038 serit.
271 3969 330 4032 Ex
356 3969 460 4036 eadem
487 3999 579 4069 causa
606 4004 699 4066 neque
724 3987 863 4064 coniugio
883 4003 977 4064 neque
994 3981 1081 4063 prole
1098 3980 1219 4060 gavisus

137 4087 201 4146 est,
235 4061 320 4129 unde
338 4073 382 4130 Vel
403 4075 426 4128 αὖ
450 4077 571 4134 tutantis
592 4077 637 4138 vel
651 4091 756 4161 parte,
782 4101 843 4160 qua
862 4081 920 4138 viri
940 4099 1056 4149 sumus,
1077 4077 1216 4158 privatus

125 4171 239 4260 fictus
267 4182 323 4228 cst.
381 4171 449 4230 Post
475 4179 601 4230 mortem
628 4189 726 4236 autem
754 4176 866 4235 nullius
892 4175 968 4235 deae
996 4175 1091 4233 sacris
1117 4173 1218 4253 aptius

136 4265 310 4334 nobilitari
331 4267 429 4346 potuit
454 4269 560 4360 Attin,
590 4291 679 4350 quam
709 4269 848 4353 Cybeles,
876 4293 970 4356 quaa,
999 4290 1065 4330 cum
1095 4269 1218 4332 Dianae
