3036 5114
549 369 661 432 th'd.
1088 371 1163 432 XL}

55 576 288 652 Veronensis.
313 577 365 650 M.
389 573 554 652 Tullium
580 576 796 652 Ciceronem
818 577 856 650 in
882 599 994 652 causa
1026 575 1164 652 lorensi

57 693 274 788 (quaenam
298 690 361 764 illa
386 691 519 780 fuerit,
551 692 771 793 ignoratur)
796 689 939 764 videtur
963 695 1164 790 patronum

57 803 291 893 adhibuisse,
315 803 375 878 cui
401 806 562 906 profecto
584 805 632 878 ob
653 809 847 905 acceptum
865 802 1082 876 beneficium
1100 828 1162 876 vc-

57 925 167 992 uuste
192 921 455 1020 epigrammate
479 921 616 1020 gratias
643 921 730 1024 agit.
792 922 1028 1018 Quamquam
1053 918 1163 1019 igitur

57 1035 226 1108 Asinium
246 1034 445 1108 Pollionem
463 1035 651 1136 diligeret,
677 1035 863 1108 hominem
889 1033 1058 1106 Ciceroni
1078 1038 1162 1104 tan-

58 1151 185 1246 topere
212 1147 407 1238 infestum,
434 1169 457 1221 a
472 1149 595 1222 Tullio
611 1149 763 1222 colendo
781 1172 855 1222 non
873 1146 1075 1232 abstinuit;
1101 1144 1164 1218 sed

57 1261 228 1334 videlicet
251 1261 395 1336 Asinius
420 1269 567 1336 mortuo
593 1263 741 1338 demum
767 1264 903 1336 Catullo
929 1268 966 1335 et
988 1262 1165 1336 Cicerone

56 1375 136 1473 ipso
164 1374 337 1448 adversus
361 1378 480 1450 eximii
508 1379 661 1450 oratoris
688 1401 814 1449 manes
839 1375 1044 1448 inimicitias
1063 1398 1165 1446 exer-

58 1489 159 1559 cuit:
186 1511 275 1559 nam
301 1489 446 1562 Catullo
468 1489 643 1578 florente,
669 1517 713 1564 ac
733 1484 1054 1584 hendecasyllabos
1072 1484 1166 1557 scri-

57 1599 170 1672 bente
182 1626 275 1696 puer
295 1602 350 1694 (ι)
368 1603 487 1676 adhuc
509 1608 600 1677 erat.
632 1603 801 1676 iambicis
818 1608 855 1676 et
871 1597 1071 1673 Phalaeciis
1086 1621 1166 1668 ver-

59 1712 160 1782 sibus
181 1711 219 1782 in
241 1714 413 1810 pessimos
437 1741 600 1814 quosque
623 1719 812 1804 homines,
838 1713 938 1788 nullo
961 1709 1167 1784 discrimine

58 1827 228 1899 invectus
254 1835 327 1901 est:
352 1855 470 1928 neque
495 1831 563 1932 ipsi
588 1834 757 1920 Caesari,
783 1827 1017 1930 quantumvis
1042 1848 1167 1898 rerum

60 1939 205 2038 potita,
232 1944 412 2041 pepercit,
440 1945 527 2040 quin
547 1944 676 2018 calami
698 1946 814 2018 aciem
832 1943 870 2014 in
887 1943 1069 2012 sim'strom
1088 1936 1166 2008 eius

60 2051 303 2126 liberalitatem
321 2057 394 2150 (2),
416 2063 526 2154 atque
544 2059 616 2130 alia
632 2059 721 2131 vitia
735 2056 974 2154 distringeret.
1000 2051 1166 2122 Mamur-

62 2189 169 2252 ram,
193 2165 371 2256 Gellium,
397 2172 603 2260 Vatinium,
625 2173 808 2254 Vettium,
826 2165 1054 2249 Cominium,
1074 2183 1167 2259 quos

64 2281 297 2352 vehementer
314 2282 463 2374 oderat,
489 2289 642 2388 propriis
658 2285 867 2361 nominibus
884 2306 948 2384 per
965 2304 1031 2353 ora
1048 2279 1166 2351 homi-

64 2421 154 2468 num
187 2395 374 2485 traduxit,
389 2456 391 2462 .
407 2425 451 2474 ac
481 2402 564 2499 styli
598 2401 797 2476 acerbitate
830 2395 989 2471 confixit.
1054 2395 1163 2466 Lusit

64 2516 254 2611 praeterea
287 2511 324 2583 in
359 2512 547 2588 Volusium
598 2517 788 2616 ineptum,
828 2519 871 2587 ut
906 2513 982 2612 ipse
1019 2509 1168 2608 quidem

65 2627 322 2717 existimabat,
348 2631 535 2704 annalium
552 2631 789 2730 scriptorem:
814 2629 851 2700 in
868 2627 1019 2704 rivalem
1035 2627 1158 2725 Egna-

64 2746 159 2818 tium
185 2743 326 2816 malum
351 2751 520 2844 potitam:
548 2749 585 2820 in
611 2746 819 2834 Suffenum,
846 2769 955 2842 q11em
973 2743 1108 2814 Caesiis
1130 2746 1168 2814 et

67 2860 231 2958 Aquiniis
257 2859 462 2934 litterarum
488 2861 632 2935 venenis
658 2861 891 2934 adnumerat:
918 2864 1103 2958 postremo
1129 2854 1169 2928 in
1210 2876 1217 2888 ·

67 2977 232 3048 Sextium
258 2975 474 3064 Oratorem,
502 2975 606 3048 cuius
629 2975 856 3077 frigidissima
871 2973 1033 3046 oratione
1050 2969 1165 3042 mole-

69 3098 163 3166 stam
181 3085 413 3192 gravedinem
429 3115 467 3164 se
484 3091 707 3164 contraxisse
724 3115 790 3190 per
805 3089 929 3162 iocum
946 3083 1117 3160 affinnat.

116 3207 268 3280 Graecis
293 3205 421 3279 litteris
446 3230 520 3282 non
546 3205 672 3278 lenter
696 3203 880 3276 imbutum
898 3203 1032 3291 fuisse,
1058 3224 1164 3276 exeo

68 3321 190 3422 colligi
217 3325 358 3420 potest,
386 3319 482 3417 quod
503 3318 755 3392 suavissimam
777 3315 870 3390 oden
889 3316 1052 3415 poetriae
1076 3316 1169 3414 Sap·

70 3436 165 3535 pbus
186 3437 225 3506 et
241 3431 460 3504 'Callimachi
482 3432 635 3534 elegiam
655 3431 697 3505 de
719 3454 826 3504 coma
851 3429 1040 3504 Berenices
1064 3453 1170 3502 mun·

71 3548 225 3622 dissimis
241 3547 464 3620 carminibus
479 3546 590 3620 latine
610 3545 823 3620 reddiderit:
850 3547 898 3620 ob
916 3545 954 3618 id
968 3547 1080 3619 etiam
1098 3541 1172 3615 for-

70 3671 166 3736 tasse
187 3685 210 3734 a
230 3661 402 3749 Tibullo,
429 3661 579 3750 Ovidio,
607 3660 776 3735 Martiale
802 3661 926 3736 docum
953 3659 1171 3760 appellatus.

71 3777 116 3848 Et
133 3775 268 3848 idcirco
286 3776 421 3846 mirum
436 3773 546 3848 videri
566 3775 692 3863 debet,
712 3773 847 3847 Iulium
863 3771 1109 3871 scaligerum,
1128 3791 1173 3842 ea

73 3893 190 3964 sinim
208 3889 434 3978 eruditione,
461 3887 629 3986 quodque
646 3913 720 3962 non
736 3889 929 3980 minimum
948 3890 1027 3974 est,
1059 3885 1174 3956 Vero*

77 4029 245 4094 nensem,
270 4005 422 4104 ideoque
439 4005 615 4104 municipi
631 4027 697 4080 suo
714 4005 847 4078 saltem
862 4003 932 4077 hoc
946 4003 1092 4083 nomine
1111 4001 1172 4076 de·

115 4378 163 4448 (a)
182 4391 277 4434 ceno.
301 4393 346 4432 ια.
693 4376 739 4445 (a)
758 4391 851 4433 cerm.
870 4369 920 4451 292

178 4476 457 4554 Carrucam.
964 4477 985 4550 f
