3010 5092
322 319 382 414 58
649 357 687 420 c.
709 359 877 425 2222222
911 360 1091 424 curvem

321 570 492 668 Idemque
508 565 616 668 longe
633 565 810 668 plurimos
827 568 916 641 facit
932 593 1069 644 versus.
1095 625 1097 628 -

318 688 413 760 Puto
431 708 506 758 esse
523 707 591 784 ego
607 681 659 754 illi
675 681 789 755 millia
806 687 873 754 aut
889 681 1035 771 decem,
1053 688 1120 757 aut
1136 681 1246 785 plura

318 799 542 896 Persen'pta:
558 820 627 869 nec
643 795 715 883 sic,
732 799 776 868 ut
790 793 853 883 fit,
868 794 908 868 in
924 795 1161 896 palimpsesto
1404 798 1431 872 5

317 910 470 998 Relata3
488 909 638 983 chartac
654 906 795 1010 regiae,
811 909 897 982 novi
913 907 1017 999 libri,

350 1093 382 1148 V.
391 1095 416 1142 6.
428 1109 477 1162 pre
493 1089 577 1142 relata
589 1087 720 1157 eleganter
731 1091 930 1146 rescribendum
942 1110 997 1145 este
1008 1093 1156 1164 auspicatur
1165 1091 1248 1146 relata
1257 1097 1290 1160 (2
1301 1089 1344 1144 tes
1355 1091 1427 1154 teri)

317 1175 409 1231 Heuss.
427 1175 455 1224 in
473 1179 529 1225 not.
546 1167 581 1222 ad
598 1169 655 1224 Cat.
662 1207 672 1240 ,
689 1189 760 1236 nam,
778 1173 801 1224 si
817 1169 949 1242 vulgatam
960 1181 1091 1240 tenemm,
1108 1173 1251 1229 dicendum
1262 1174 1354 1246 potius
1366 1183 1429 1228 erat

320 1336 368 1394 Tu
387 1330 518 1392 sardanas
531 1347 598 1388 vero
612 1348 733 1400 scurra,
749 1327 833 1388 deli-

317 1419 384 1474 01222
400 1413 507 1497 popli,
537 1410 601 1470 lius
623 1410 699 1469 muri
720 1423 753 1468 tu
775 1410 832 1468 212-

310 1496 431 1556 iectas?
444 1493 565 1553 281102.
576 1490 668 1572 Epist.
677 1489 708 1564 l,
726 1489 770 1550 15.
783 1511 831 1584 27.

318 1579 367 1638 28.
388 1585 419 1635 et
432 1575 567 1635 Gronov.
588 1569 626 1634 ad
645 1569 740 1632 Plaut.
754 1571 832 1634 Tm·-

316 1680 401 1718 uum.
416 1657 446 1730 l,
467 1677 496 1714 2.
514 1654 578 1714 265.

358 1740 398 1799 V.
423 1737 453 1798 3.
478 1736 530 1796 ld.
557 1736 639 1815 long.
660 1733 743 1816 plur.
758 1733 831 1828 sac.

317 1844 390 1882 vers.
411 1827 445 1879 ut
463 1816 561 1878 solent
584 1814 703 1898 pessimi
720 1835 832 1897 quaque

316 1908 440 1984 poetae,
488 1897 631 1959 uemlibet
658 1917 729 1958 cum
751 1896 832 1957 Cris·

316 1921 766 2126 uuduusuu
783 1979 830 2118 2·

316 2091 332 2126 a
511 2085 531 2122 n
613 2084 630 2121 v
756 2082 763 2118 :
814 2093 830 2108 -

316 2147 444 2224 deorsus
457 2159 523 2204 uter
554 2085 607 2202 1ius
622 2142 749 2202 scribere
760 2161 831 2223 pos·

317 2232 366 2289 sit.
381 2227 423 2287 21.
438 2227 513 2286 Hor.
542 2224 675 2299 ’21.1’,9.
693 2221 732 2280 23
746 2241 829 2305 seqq.

356 2309 399 2368 V.
414 2309 442 2369 5.
462 2329 515 2367 nec
527 2309 586 2378 sic,
602 2302 698 2389 utfit,
718 2306 751 2362 iu
762 2325 829 2384 pa-

315 2391 416 2471 limps.
436 2388 491 2447 rel.
515 2408 573 2448 nec
597 2392 743 2467 apparent
767 2384 830 2444 eius

316 2490 438 2542 versus,
465 2465 720 2549 quemadmodum
748 2465 830 2546 apud

315 2552 388 2612 alios
397 2556 510 2632 poetas,
519 2549 550 2611 in
557 2549 763 2631 palimpsesto,
776 2545 829 2608 sed

316 2632 349 2692 in
368 2634 480 2693 chartis
493 2633 583 2711 regiis
596 2639 652 2692 etc.
665 2630 831 2711 palimpse-

314 2729 378 2774 stns
395 2713 453 2772 fuit
472 2710 573 2772 charta
586 2729 783 2793 pergamena,
796 2709 829 2770 in

316 2817 389 2878 qua,
407 2791 490 2934 de
500 2793 646 2874 scriptum
660 2799 719 2864 est,
734 2789 828 2854 deleri

316 2887 346 2937 et
359 2897 409 2936 era
432 2875 441 2935 i
456 2883 581 2958 poterat.
591 2871 651 2936 vid.
661 2873 829 2933 Schwartz.

187 3019 189 3026 ,
314 2957 354 3018 de
368 2959 546 3019 Ornamcnt.
558 2955 627 3016 libr.
641 2975 671 3036 p.
685 2953 735 3014 25.
757 2952 828 3014 edit.

312 3038 511 3100 Leuschneri.
537 3037 630 3117 magis
656 3043 756 3104 autern
774 3055 830 3092 ar-

314 3119 395 3181 ridet
408 3118 524 3182 Heinsii
536 3117 626 3180 lectio
638 3117 732 3178 teleta
746 3114 828 3192 [vid.

313 3201 389 3262 Var.
403 3200 491 3277 lect]
509 3201 568 3262 hoc
585 3219 686 3259 sensu:
700 3217 758 3257 nec
777 3195 829 3256 de-

313 3281 378 3343 lere
398 3291 429 3342 et
449 3280 609 3342 emendare
629 3278 705 3340 solet
726 3297 829 3342 versus

313 3363 347 3423 122
360 3363 565 3446 palimpsesto,
583 3369 617 3421 ut
640 3359 689 3419 alii
712 3367 828 3440 potitae.

313 3443 475 3526 Sapienter
494 3444 577 3503 eninr
598 3439 747 3524 praecipit
765 3441 830 3502 llo-

233 3549 237 3556 ·
314 3529 409 3588 ratius
421 3527 484 3588 Sat
495 3525 527 3596 l,
546 3546 590 3586 10.
607 3543 654 3605 72.
668 3525 829 3603 222722211-

309 3609 375 3668 lum
389 3621 502 3679 vertas,
518 3609 626 3665 iterum
640 3625 718 3688 quac
730 3603 829 3685 digna

312 3690 372 3770 legi
381 3703 447 3750 sum
458 3678 641 3771 Scripturas.
656 3687 753 3745 eliart.
766 3706 829 3766 reg.

313 3774 417 3831 charta
443 3769 524 3850 regia
550 3777 596 3828 est
619 3765 829 3840 macrocolon,

312 3851 489 3912 membrana
510 3849 647 3932 longior,
668 3868 738 3908 nos:
763 3849 832 3907 lto-

312 3931 557 4015 pal-papicrsid.
567 3929 712 3992 Graevius
721 3927 828 3990 adCic.

313 4019 374 4076 Aa.
403 4014 498 4086 Xlll,
525 4013 575 4074 25.
603 4011 701 4086 XVI,
731 4010 760 4072 3.
787 4010 828 4071 ct.

314 4093 479 4155 Schwartz.
496 4093 567 4155 libr.
585 4091 616 4168 l,
639 4113 669 4178 p.
691 4095 741 4170 24.
760 4095 830 4152 noui

313 4176 384 4234 libri
408 4173 539 4256 intewge
553 4173 709 4237 involucra
731 4181 762 4234 et
786 4184 830 4234 tc·

313 4265 455 4335 gumenta
474 4256 633 4317 librorum.
667 4255 716 4315 De
737 4255 829 4314 modo

314 4335 607 4422 compingendorum
621 4335 702 4420 apud
716 4347 829 4399 veteres

904 1327 1054 1393 librorum
1071 1329 1136 1391 inse
1155 1327 1193 1390 ad
1216 1327 1300 1391 launo
1318 1329 1429 1392 locum

904 1409 1035 1492 disputat
1043 1412 1176 1474 Vossius.
1189 1413 1258 1472 220νί
1267 1411 1407 1474 autaei
1413 1457 1427 1486 ,

905 1493 1065 1574 umbilicus
1092 1493 1151 1552 luit
1173 1491 1297 1554 bacillus
1322 1502 1431 1570 teres,

904 1583 1057 1636 extremae
1084 1571 1247 1636 voluminis
1279 1594 1352 1634 orae
1386 1597 1429 1636 eo

904 1655 1031 1717 consilio
1048 1655 1214 1739 impactus,
1229 1664 1264 1715 ut
1278 1655 1428 1718 volumen

904 1733 948 1797 illi
987 1734 1296 1812 circumvolveretur,
1336 1737 1429 1798 cuius

904 1815 1071 1880 eminentes
1108 1816 1168 1879 utr·'
1244 1837 1262 1878 e
1301 1827 1426 1899 partes.

903 1917 995 1976 euro,
1013 1839 1290 1996 ngeutoffiiilio
1301 1900 1427 1961 metallo

902 1978 1426 2126 {tamtdtzttl'tt‘

902 2143 943 2205 ef.
962 2145 1019 2206 111.
1041 2145 1149 2225 seyne
1169 2141 1208 2202 aa
1226 2105 1342 2204 22212.
1357 2143 1427 2220 111,

904 2245 934 2288 ι.
947 2225 991 2287 23.
1005 2227 1073 2287 lora
1082 2225 1175 2285 rubra
1185 2223 1346 2306 corrigiae,
1355 2227 1429 2308 qui·

902 2305 960 2368 hus
978 2317 1092 2371 vetere·
1113 2304 1145 2365 in
1166 2303 1342 2387 colligandis
1364 2328 1426 2367 co-

902 2387 1069 2473 stringend‘
1127 2385 1360 2448 eroluminilma
1375 2391 1425 2450 usi

902 2479 981 2530 sunt.
1009 2469 1069 2532 vid.
1092 2505 1104 2530 ι
1130 2471 1261 2530 dwarta.
1283 2467 1306 2530 l.
1331 2467 1365 2543 l,
1388 2492 1423 2551 p.

902 2551 942 2614 88
964 2583 985 2597 -
1008 2552 1057 2632 89.
1101 2551 1278 2612 menbrana
1298 2549 1425 2612 directe

924 2633 1043 2705 lumbo,
1066 2629 1097 2692 h.
1111 2651 1137 2691 e.
1150 2651 1255 2693 versus
1270 2629 1304 2690 in
1317 2651 1420 2692 mem-

898 2655 996 2774 iram
1015 2713 1176 2795 diligenter
1193 2711 1231 2772 ad
1249 2711 1343 2774 lineas
1358 2734 1421 2795 pa-

902 2794 1018 2856 rallelas
1041 2793 1166 2876 plumbo
1186 2791 1300 2875 ductas*
1308 2793 1423 2854 directi

902 2887 933 2937 et
952 2876 1063 2938 exarati
1081 2885 1159 2937 sunt.
1173 2873 1233 2938 vid.
1247 2873 1285 2934 de
1308 2873 1367 2936 laac
1388 2897 1425 2937 re

901 2967 1022 3039 praeter
1035 2959 1067 3015 V
1064 2960 1176 3018 ossium
1185 2955 1223 3017 ad
1231 2953 1262 3015 12.
1268 2955 1289 3015 l.
1300 2957 1423 3016 8212222-

901 3043 963 3098 sius
973 3039 1012 3100 ad
1021 3037 1117 3100 Solin.
1127 3059 1157 3120 p.
1169 3037 1423 3119 917.8c11wart:.

902 3117 922 3180 l.
937 3120 967 3192 l,
988 3142 1020 3202 p.
1033 3119 1081 3180 33
1095 3127 1126 3180 et
1141 3119 1272 3180 Ferietur
1284 3115 1324 3179 de
1336 3123 1426 3180 scri-

897 3215 993 3284 ptura
1012 3213 1140 3262 veterum
1157 3220 1188 3282 p.
1207 3197 1272 3260 236.
1292 3199 1425 3261 Graecis

901 3282 1064 3344 vocabatur
1085 3281 1135 3342 1212
1153 3279 1238 3341 stilus
1281 3278 1429 3342 lumbeus

901 3363 952 3424 vel
968 3363 1066 3424 tenuis
1085 3361 1150 3436 illa,
1166 3369 1202 3421 ut
1216 3384 1236 3423 v
1298 3360 1429 3423 Salma-

901 3441 1425 3587 :intermittentes

901 3607 1016 3669 ductat.
1027 3606 1109 3668 Paul
1117 3604 1308 3668 silentiarius
1316 3545 1428 3688 872192.

902 3689 938 3748 1..
953 3689 985 3748 in
998 3687 1084 3751 Anal.
1094 3689 1166 3752 vet.
1181 3687 1215 3747 P.
1230 3685 1286 3747 Gr.
1299 3687 1340 3747 Τ.
1354 3687 1425 3760 lll,

901 3791 932 3910 p.
947 3771 995 3851 87.
1014 3770 1088 3832 edit.
1110 3769 1216 3830 Brunk
1238 3766 1423 3828 112822221-

924 3851 947 3914 it
961 3851 1019 3914 hoc
1034 3851 1270 3912 instrumentum
1283 3848 1431 3932 plumbe-

902 3953 972 3994 um:
993 3940 1067 4001 rupis
1077 3937 1171 3991 22222122
1188 3935 1284 3998 pitteus
1299 3931 1428 3998 «22221222-

901 4023 1057 4084 ριγραμμῗς·
1066 4019 1098 4071 ei
1107 4007 1213 4070 lullfln·
1225 4007 1335 4090 Egypt.
1348 4009 1374 4069 E
1400 4009 1425 4068 l-

902 4115 949 4177 gr.
961 4093 1001 4167 ll,
1013 4093 1051 4152 Τ.
1062 4092 1104 4164 ll,
1118 4112 1148 4172 p.
1159 4088 1299 4168 4931202
1308 4031 1422 4150 modi:

901 4174 1426 4244 menius-spasmumdestituarsctpatur.

901 4260 972 4310 ’22212
987 4259 1098 4324 poem
1115 4259 1171 4312 cet.
1193 4251 1315 4334 pumice
1338 4271 1428 4314 omri·

902 4355 972 4417 aeq.
984 4335 1046 4401 rid.
1060 4333 1099 4396 ad
1112 4333 1215 4396 Germ.
1225 4331 1256 4410 l,
1269 4354 1298 4393 v.
1309 4352 1342 4394 a.
