3036 5114
245 399 376 461 Atros
393 401 433 460 V.
466 393 1031 475 vossrmnnovcssuovsrlntl,
1074 399 1192 460 xxix

259 605 363 680 nium
381 603 624 680 vemstissimo
637 602 917 692 Mediolanensi,
936 625 1047 700 quem
1061 599 1191 680 laudat

260 722 416 822 passim,
439 725 477 793 et
492 719 641 820 reliquis
659 722 713 794 uti
732 720 978 818 antiquiorem
993 721 1048 790 ita
1066 743 1190 792 emen·
1329 810 1332 820 Ι

260 832 439 906 datiorem
456 857 604 933 quoque
620 857 697 907 esse
715 831 904 932 praedicat
921 857 958 932 p.
977 831 1062 906 215.
1115 831 1192 904 Uti-

261 973 350 1020 nam
365 972 451 1022 vero
467 947 673 1052 politissimi
691 951 747 1021 vir
763 948 919 1048 ingenii,
945 949 1056 1020 lanus
1076 945 1192 1020 Brou-

261 1061 454 1152 ckhusius,
473 1053 477 1064 ’
494 1064 554 1137 oui
583 1064 816 1164 Propertium
847 1063 1023 1138 debemus
1056 1068 1107 1136 et·
1127 1064 1191 1136 Ti-

259 1173 429 1266 bullum,
462 1175 628 1251 similiter
657 1177 770 1250 etiam
797 1174 1192 1276 Catullnmvpoluissei

262 1291 476 1382 absolvere,
512 1315 623 1391 quem
656 1291 938 1392 expoliendum,
973 1291 1192 1394 ingenioque

258 1413 297 1481 et
321 1406 490 1481 doctrina
516 1427 583 1480 sua
608 1405 866 1480 illustrandum
893 1407 961 1482 sibi
988 1413 1190 1496 sumseratz

260 1523 315 1596 ita
333 1521 423 1596 nihil
439 1527 534 1596 esset
549 1521 728 1621 ampliuS,
756 1522 854 1620 quod
880 1523 928 1598 ad
952 1524 1191 1600 vetustissimi

259 1640 393 1735 poiitae
407 1634 530 1708 lucem
547 1634 698 1708 studiosi
716 1643 865 1736 possent
882 1636 1098 1714 desiderare.

82 1747 183 1835 1685
213 1747 298 1823 Cat.
315 1751 398 1824 Tib.
416 1753 524 1850 Prop.
542 1773 670 1849 opera,
698 1750 1000 1850 interpretatione
1028 1758 1065 1826 et
1089 1753 1188 1836 notis

259 1865 443 1940 illustrata
460 1891 483 1938 a
500 1864 592 1940 Phila
608 1863 716 1941 Siluio
733 1864 772 1936 in
787 1889 895 1938 insum
912 1867 1104 1969 Delphini,
1122 1871 1191 1941 Pa-

260 1981 323 2054 ris.
342 1983 376 2065 4.
432 1979 681 2069 luhacedit.,
699 1978 797 2053 utin
815 1979 895 2052 aliis
913 1979 960 2052 ad
977 2002 1086 2054 usum
1103 1980 1189 2054 Del·

260 2093 363 2192 phini
390 2091 494 2166 editis
519 2092 760 2193 scriptoribus
785 2091 977 2184 omnibus,
1003 2095 1188 2168 obscoena

142 2239 148 2248 ·
263 2209 301 2277 et
318 2202 455 2279 lasciva
471 2199 623 2280 rescissa
639 2211 677 2280 et
692 2207 827 2280 omissa
851 2205 941 2280 locis
965 2213 1070 2296 suni,
1096 2231 1188 2280 eon-

262 2317 342 2390 silio
359 2343 434 2392 non
450 2319 714 2420 improbando,
736 2320 804 2394 nisi
820 2321 890 2394 hac
907 2321 1070 2409 ratione,
1090 2319 1190 2418 quod

260 2431 345 2508 loca
369 2435 498 2509 eadem
523 2442 696 2537 congesta
713 2440 751 2508 et
767 2435 814 2508 ad
830 2435 971 2509 calcem
993 2434 1192 2508 voluminis

263 2547 390 2624 deinde
406 2551 560 2648 iunctim
576 2550 769 2638 exhibent,
792 2549 914 2651 plures
930 2548 1050 2650 ,igitur
1077 2548 1123 2621 ad
1145 2573 1189 2622 ea

262 2663 415 2766 legenda
432 2667 684 2755 allicerentur,
702 2689 861 2772 quorum
874 2665 965 2740 forte
982 2665 1108 2740 oculos
1126 2690 1187 2739 ea·-

262 2776 345 2852 dem
370 2781 556 2882 scriptoris
582 2781 726 2881 corpori
744 2805 811 2854 suo
829 2779 911 2854 loco
928 2781 1065 2854 inserta
1082 2779 1189 2854 cilius

258 2888 462 2969 latuissent,
537 2895 632 2968 Nam
650 2897 777 2962 πλεῖστοι
801 2896 905 2983 κακοὶ,
935 2897 1061 2966 nideror
1087 2895 1189 2984 ἀργοὶ,

259 3009 370 3105 pauci
388 3007 541 3082 solidum
558 3009 798 3084 eruditionem
811 3008 1014 3082 consectati
1027 3007 1189 3105 integros

262 3117 391 3223 legunt
408 3129 600 3196 auctores:
626 3122 733 3196 multi
757 3128 909 3211 contra,
936 3119 999 3220 qui
1023 3141 1084 3192 eos
1110 3115 1188 3189 obi·

261 3237 319 3306 ier
345 3236 538 3326 evolvunt,
563 3237 681 3310 missis
705 3236 880 3325 utilibus,
906 3241 956 3310 ut.
972 3235 1110 3324 κάνθαροι
1137 3230 1188 3304 irs

259 3355 375 3424 ruunt
395 3351 434 3422 in
451 3349 490 3430 ἐις
506 3351 556 3419 rh
575 3355 711 3442 κοπρίαν,
738 3351 841 3426 cuius
863 3357 972 3454 gustu
997 3355 1187 3439 tenentur,

261 3487 448 3564 qrramque
465 3465 627 3566 gaudent
648 3471 686 3542 et
706 3465 940 3568 grahrlantur
957 3465 1026 3542 sibi
1043 3465 1090 3540 ab
1111 3466 1186 3539 edi-

261 3576 405 3650 toribus
422 3584 634 3680 congestam
651 3578 764 3653 veluti
780 3580 818 3655 in
836 3581 1039 3658 cumulum.
1076 3578 1187 3680 Angli

261 3688 428 3785 quidem,
455 3693 598 3788 quoties
622 3691 702 3767 edd.
724 3693 764 3766 in
785 3717 838 3766 us.
861 3693 994 3793 Delph.
1009 3696 1188 3765 curarunt

261 3801 406 3892 recudi,
432 3803 514 3876 loca
538 3804 603 3878 illa
627 3806 701 3878 suis
728 3829 894 3903 quaeque
910 3803 1000 3884 locis
1020 3802 1186 3875 restitue-

235 3955 243 3970 ν
259 3919 367 4004 rusci,
386 3917 470 3991 etsi·
479 3916 637 4009 vicissim
652 3917 791 4012 urdices
802 3917 969 3990 omnium
985 3913 1185 3988 vocabulo-

257 4051 343 4100 rum
357 4029 477 4101 minus
491 4029 618 4130 plenos
630 4017 772 4131 'passim
788 4029 835 4101 ab
857 4027 927 4102 illis
945 4024 1106 4102 exhiberi
1122 4026 1185 4099 do·

144 4185 147 4192 =
260 4135 313 4214 let
326 4141 460 4218 Thom·
474 4143 628 4230 Crerrius
644 4149 739 4245 part.
757 4143 836 4232 111,
846 4139 1084 4216 animadvers.
1097 4164 1135 4239 p·
1145 4137 1185 4219 6·

85 4253 182 4330 1686
209 4253 297 4328 car.
313 4255 396 4330 Tib.
415 4259 522 4363 Prop.
541 4283 576 4331 c.
592 4257 689 4332 Galli
699 4257 874 4358 -lragmm
890 4255 1006 4332 Amet.
1025 4260 1084 4342 24.

85 4373 176 4490 stipi
212 4369 353 4455 Catuli·
370 4395 391 4452 e
407 4396 483 4456 rec·
497 4375 544 4458 l&
563 4372 705 4468 Vitellis
721 4371 850 4460 Ultro.
865 4372 1045 4454 summus
1062 4370 1184 4461 socie-
