3000 5108
331 351 416 446 166
650 384 690 443 c.
714 381 880 443 alienu
915 383 1094 442 escuem

353 592 460 676 facete
471 586 663 672 respondent,
676 587 794 672 puellas
806 585 893 656 aliud
904 590 936 647 in
949 609 1010 658 ore,
1025 583 1113 646 aliud
1126 586 1159 644 in
1171 599 1294 668 pectore
1304 585 1428 658 holere,

362 684 489 763 t'deoquc
514 685 592 742 liunc
619 684 740 764 ipsum,
773 701 861 762 quem
881 681 989 762 palam
1019 691 1169 762 carpant,
1201 681 1291 738 tacite
1322 695 1431 768 optare

362 787 375 851 (
389 803 415 840 ν.
430 778 468 855 39
478 810 498 824 -
508 781 554 855 49.
570 787 593 852 ).
618 777 807 859 Comparant
817 775 938 858 puellae
948 775 1093 855 ,virginem
1108 775 1251 838 intactam
1266 778 1429 856 canister-e

361 879 394 936 in
406 879 491 936 horto
508 885 617 935 secreto
637 886 791 948 nascente,
811 875 878 954 qui,
894 871 1044 954 quamdiu
1056 874 1088 931 in
1101 873 1213 932 honore
1224 892 1278 932 suo
1291 874 1424 929 uitas-cus

362 987 390 1042 et
410 974 600 1031 intemeratus
619 969 784 1050 superbiat,
806 967 936 1048 mirfice
949 970 1052 1049 pueris
1063 968 1229 1048 puellisque
1239 967 1388 1050 placents
1406 1001 1425 1014 -

359 1077 396 1128 ,ut
416 1061 551 1143 puellam
576 1060 700 1122 titutum
721 1061 959 1122 comminatam
983 1061 1110 1120 similem
1134 1082 1194 1122 esse
1217 1062 1429 1132 caruimjlori

358 1161 502 1241 ,decerpto
523 1171 550 1217 et
569 1159 632 1218 iam
649 1160 713 1217 iam
722 1157 919 1240 flaccescenn'
928 1199 938 1228 ,
958 1179 1044 1238 quem
1066 1177 1120 1218 nec
1137 1159 1227 1239 pueri
1242 1179 1296 1220 nec
1307 1159 1429 1238 puellae

361 1268 466 1314 curent
480 1258 526 1323 (r.
542 1255 580 1330 49
590 1283 610 1299 ·
624 1251 672 1331 59.
681 1260 702 1324 ).
733 1251 805 1309 Vim
818 1249 1057 1331 elegantissimae
1068 1252 1306 1332 comparationis
1319 1253 1429 1334 infrin-

364 1364 437 1433 gunt
449 1353 564 1410 ituenes
576 1348 641 1408 alia
655 1369 696 1407 ex
709 1367 743 1406 re
754 1349 866 1427 agresti
875 1349 970 1428 petita
982 1347 1123 1426 imagine.
1151 1345 1326 1406 Puellamm
1340 1350 1428 1406 nimi-

364 1467 431 1504 rum
445 1441 646 1503 conditionem
660 1439 841 1523 respondere
856 1441 956 1522 potius
974 1441 1060 1498 aiunt
1080 1437 1246 1498 conditioni
1260 1451 1289 1496 et
1301 1451 1427 1498 naturas

364 1544 445 1612 vitis,
464 1560 558 1623 quae,
575 1541 601 1597 si
614 1537 647 1614 in
659 1535 742 1598 meda
756 1553 828 1598 arvo
841 1548 985 1596 nascatur
997 1534 1129 1604 inculta,
1144 1555 1196 1595 nec
1210 1536 1242 1593 in
1255 1535 1353 1602 altum
1367 1558 1427 1592 esu-

361 1657 484 1716 snrgens
506 1635 598 1692 mites'
619 1653 689 1697 uvas
710 1631 865 1702 demittat,
895 1623 1006 1689 millius
1026 1632 1119 1710 pretii
1141 1631 1251 1689 nater?
1270 1631 1367 1690 soleat
1391 1633 1426 1688 ab

360 1728 522 1807 agricolis,
545 1725 683 1786 eamdem
698 1746 783 1802 vero,
805 1726 833 1784 si
850 1723 932 1791 selmo
945 1723 1338 1806 naucitatasoccumiitatem
1350 1747 1426 1806 pro·

361 1827 476 1904 mittat,
492 1825 529 1884 ab
542 1823 649 1883 iisdem
660 1823 802 1892 maxima
816 1840 891 1878 cura
904 1819 978 1890 eoli;
994 1831 1021 1879 et
1032 1819 1125 1901 plane
1137 1821 1182 1880 ita
1194 1841 1226 1880 se
1237 1821 1348 1884 habere
1359 1846 1425 1882 cern

361 1918 471 2000 puellis
492 1919 625 1997 innuptis
645 1929 673 1975 et
698 1913 907 1995 nuptis„illas
927 1933 1075 1974 senescere
1091 1915 1206 1974 steriles
1228 1928 1257 1974 et
1279 1917 1422 1988 incultas,

291 2013 293 2018 .
366 2018 521 2076 lascarus
535 2029 562 2074 et
575 2011 722 2074 iucundas
735 2032 796 2070 esse
804 2011 867 2069 viro
880 2023 909 2068 et
917 2010 1100 2102 parentibus.
1117 2016 1159 2080 (ν.
1172 2012 1210 2084 59
1221 2033 1285 2094 usq.
1296 2013 1343 2072 ad
1351 2013 1425 2094 fin)

367 2114 494 2192 Uterque
504 2129 581 2169 nmio
594 2109 711 2176 etone,
725 2118 756 2163 ut
766 2124 859 2186 supra
871 2105 905 2162 in
915 2103 1023 2182 ultim
1032 2103 1155 2184 stropha
1163 2104 1284 2182 llytnni
1292 2107 1326 2164 in
1334 2107 1425 2164 Dian.

367 2205 472 2265 Carm.
485 2203 639 2262 XXXIV.
660 2198 946 2271 ottomnosadv.
964 2197 1424 2281 1.(puellammenimolinrus.

359 2317 454 2378 aeque
473 2316 510 2354 ac
526 2307 623 2374 nupta
642 2294 773 2365 marito,
797 2294 888 2352 victus
908 2292 971 2352 iam
993 2294 1111 2351 cessisse
1130 2291 1247 2352 videtur
1262 2313 1425 2374 puerorum

359 2390 452 2471 clioro
459 2397 491 2461 ,)
505 2407 536 2446 se
548 2389 690 2446 convertit
703 2386 748 2448 acl
760 2399 902 2468 nuptam,
918 2407 1056 2466 eamque,
1072 2401 1103 2445 ut
1114 2387 1334 2466 uirginitatem,
1346 2391 1424 2446 caim

357 2493 480 2562 partem
494 2480 564 2540 aliis
577 2480 800 2550 concedendam
820 2483 886 2540 iure
898 2481 953 2540 sibi
967 2480 1121 2554 vindicare
1130 2481 1244 2562 possint
1262 2496 1422 2560 parentes,

360 2575 394 2646 in
408 2575 512 2634 mariti
524 2575 714 2656 amplexibus
727 2574 828 2634 lubens
840 2576 903 2633 iam
917 2575 1070 2655 deponat,
1089 2575 1221 2652 graviter
1239 2571 1392 2632 hortatur.
1407 2605 1425 2616 -

360 2667 534 2747 singulares
555 2681 584 2728 et
606 2667 728 2748 divinae
752 2669 837 2728 totas
859 2669 1004 2736 carminis
1026 2667 1110 2728 dotes
1133 2669 1251 2751 percipi
1275 2669 1382 2748 potius
1406 2689 1425 2726 a

362 2765 536 2838 lectoribus,
557 2785 649 2847 quam
669 2785 747 2848 varia
767 2763 986 2835 declarrmtione
1004 2785 1030 2850 a!
1046 2785 1096 2824 me
1118 2763 1245 2826 deceribi
1265 2778 1295 2822 et
1314 2765 1425 2824 extolli

363 2857 487 2929 debent,
510 2879 586 2938 astas
605 2860 658 2938 qui
676 2858 831 2922 hebetioris
849 2857 962 2938 ingenii
978 2860 1134 2940 percipere
1147 2877 1210 2926 non
1225 2871 1369 2938 possm,
1392 2859 1427 2914 ab

362 2952 448 3010 omni
466 2966 590 3012 veterum
610 2959 769 3034 poetarum
788 2951 914 3018 lectione
936 2949 1083 3014 arcendos
1099 2961 1183 3033 puto.
1212 2981 1232 2994 -
1250 2950 1307 3008 Est
1328 2965 1425 3033 putem

362 3049 419 3108 noc
430 3069 552 3108 carmen
568 3048 703 3128 nuptiale
720 3069 763 3106 ex
780 3045 933 3122 amocbaei
951 3043 1092 3118 carminis
1108 3066 1233 3125 genere,
1250 3047 1338 3104 cisiis
1358 3046 1425 3114 lec,

361 3154 396 3225 ut
420 3141 528 3221 Heyne
545 3141 695 3223 praecipit
714 3142 747 3199 in
767 3143 896 3220 Argian,
914 3137 960 3221 ad
984 3139 1093 3218 Virgit.
1119 3137 1226 3219 Eclog.
1252 3137 1328 3209 HI,
1357 3140 1426 3196 nae

366 3251 426 3310 est,
449 3251 481 3298 ut
493 3239 537 3312 is,
556 3239 609 3319 qui
621 3236 798 3317 respondet,
817 3233 928 3294 eisdem
948 3233 1074 3302 versibus
1093 3246 1121 3294 et
1140 3234 1272 3307 marteris
1284 3247 1341 3292 aut
1353 3255 1425 3292 eon-

280 3328 282 3332 ’
343 3381 346 3392 .
366 3336 497 3395 tracium
515 3347 570 3394 aut
587 3335 685 3394 maius
704 3345 759 3391 aut
776 3329 931 3411 pulchrius
950 3327 1070 3411 aliquid
1088 3327 1190 3406 dicat,
1211 3339 1265 3388 aiu
1284 3327 1353 3388 utta
1373 3351 1426 3387 ra-

368 3429 446 3486 tione
474 3427 572 3488 simik
597 3425 674 3507 quid
699 3425 853 3496 subiici'em
881 3443 934 3482 nec
960 3421 1080 3493 dubito,
1108 3422 1182 3503 asan
1205 3417 1288 3478 ἰάθη
1316 3419 1424 3480 latiore

366 3518 590 3602 sigmficatione
614 3531 691 3577 recte
710 3539 828 3599 quoquc
852 3517 954 3576 vocari
978 3515 1072 3597 possit
1095 3511 1341 3595 epithalamium.
1367 3512 1425 3569 oid.

364 3634 417 3671 nos
432 3615 463 3672 in
477 3611 606 3690 Argian.
624 3609 669 3682 ad
689 3611 793 3694 Epitls.
811 3609 909 3670 Manl.
929 3624 958 3668 ct
971 3609 1030 3668 tut.
1052 3641 1072 3652 -
1086 3608 1125 3670 tn
1139 3628 1215 3682 quas
1227 3605 1353 3686 nuptias
1372 3607 1424 3663 ltoc

368 3729 490 3770 carmen
510 3709 655 3788 scriptum
677 3708 727 3778 sit,
751 3707 804 3765 vix
824 3706 887 3766 ullo
906 3718 1080 3785 argumento
1099 3705 1173 3764 satis
1181 3701 1284 3786 firmo
1300 3701 1425 3782 proban

366 3819 463 3886 potest
473 3827 483 3874 ,·
504 3804 593 3864 ntuli
612 3801 656 3864 ad
669 3799 789 3862 easdem
803 3801 863 3868 tut.
883 3815 911 3864 et
932 3800 1030 3876 Mani.
1045 3801 1166 3883 nuptias
1185 3819 1252 3858 cum
1272 3801 1426 3878 superiore

365 3902 516 3980 referunt:
540 3896 725 3960 Corradinus
734 3898 916 3978 praeposuit
928 3896 1006 3956 adeo
1020 3898 1076 3956 lioc
1088 3915 1213 3958 carmen
1223 3895 1382 3974 ⁴superiori
1401 3909 1425 3951 et

364 4017 432 4068 cum
446 3997 500 4056 ttto
514 3996 689 4070 coniunxit,
705 3992 758 4054 sed
771 3990 855 4052 teuit
867 3991 972 4065 dubie,
988 3989 1071 4074 quod
1085 4011 1249 4065 numquam
1263 4003 1345 4054 certe
1356 3994 1427 4048 sciri

361 4101 476 4168 potest,
496 4111 548 4150 nec
568 4085 649 4147 illud
668 4088 746 4146 scire
758 4085 884 4146 mulmm
904 4085 1013 4168 refert,
1036 4087 1150 4146 nescire
1162 4077 1234 4142 velte
1245 4095 1392 4162 praestat.
1407 4113 1425 4126 -

367 4179 505 4240 Ceterum
526 4183 581 4242 hoc
605 4201 727 4242 carmen
747 4178 877 4240 studiose
895 4177 1007 4240 imitati
1029 4189 1097 4262 emet
1118 4191 1181 4238 tam
1202 4187 1309 4235 reterns
1334 4195 1424 4254 quarn

363 4276 554 4356 recemiorer,
572 4287 599 4338 et
613 4296 633 4334 a
654 4273 755 4346 multis
776 4277 809 4335 in
823 4276 957 4360 patriam
973 4275 1109 4356 linguam
1125 4269 1306 4345 translatum
1327 4281 1381 4342 est,
