3000 5108
290 261 384 362 206
620 295 658 360 e.
680 299 850 360 vitnau
883 299 1064 362 carreni

288 501 456 599 Namque
473 499 691 574 fluentisono
703 458 1070 604 ‚prospectans'litore
1083 503 1173 578 Diae

287 617 430 690 Thesea
444 615 634 689 cedentem
651 617 864 690 celerinum
882 617 996 690 classe
1014 625 1141 693 tuetur

288 729 488 802 Indomitos
500 729 539 802 in
556 729 665 803 eorde
684 755 813 831 gerens
830 729 991 804 Ariadna
1008 731 1166 806 furores:

320 903 354 956 V.
364 906 402 953 55.
411 901 475 954 mire
492 900 522 954 in
538 899 587 954 hoe
602 920 679 956 versu
695 903 840 960 miserrime
857 905 1012 977 depravatae
1027 905 1150 963 lectionis
1170 915 1225 960 tem
1242 908 1272 962 iu
1289 909 1409 982 scriptis

287 1003 367 1056 φιιω
384 985 517 1054 impressis
528 983 603 1038 libris
614 985 819 1056 deprehenditur
831 989 960 1050 veriam,
978 989 1007 1040 in
1024 1007 1077 1058 qne
1095 988 1203 1060 quidem
1219 993 1404 1056 menende,

287 1065 454 1118 aerbertum
471 1065 593 1134 perdam,
610 1083 639 1118 ee
659 1073 761 1118 tentmn
779 1084 891 1138 ponem,
908 1087 975 1138 quoe
992 1069 1228 1140 VV.DD.ingeuio
1245 1073 1322 1124 ducti
1342 1076 1406 1125 inde

286 1143 436 1216 exsculpere
454 1151 599 1196 &aurunt-
632 1143 747 1200 Necdum
760 1151 837 1198 ettam
853 1165 955 1215 seseque
971 1153 1011 1199 eni
1023 1160 1077 1200 tum
1092 1149 1199 1202 credidit
1215 1169 1271 1202 erre
1287 1151 1404 1204 Vicerat.

286 1225 467 1290 accedentibus¹
484 1223 579 1283 Venet.
596 1223 657 1278 Ala
666 1225 911 1295 Gryph.llluret.et
926 1228 996 1284 eliis.
1021 1230 1135 1286 Netum
1151 1237 1228 1284 etiem
1245 1251 1316 1295 sese,
1335 1255 1406 1302 ques

287 1311 339 1372 eit,
358 1318 411 1361 turn
426 1305 531 1358 credidit
542 1322 596 1357 erse
612 1304 681 1358 snt.
706 1305 820 1360 netum
836 1311 915 1359 etiam
931 1328 985 1363 sere
1001 1329 1067 1380 quae
1083 1316 1133 1378 eit,
1151 1317 1194 1364 vis
1210 1327 1235 1366 et
1252 1317 1301 1366 edi
1318 1320 1405 1366 werdt

286 1384 380 1458 Scalig.
418 1383 534 1440 Neodurn
556 1387 634 1436 etiam
650 1401 716 1446 sese,
732 1402 799 1454 quae
815 1389 888 1449 visit,
907 1392 988 1440 visere
1003 1390 1083 1442 werdt
1097 1390 1219 1454 Vossius,
1236 1410 1318 1462 quem
1338 1395 1402 1446 aliis

326 1521 369 1580 V.
391 1517 633 1598 Sestuemuono
654 1515 752 1609 quod,
766 1524 818 1588 (ut
863 1517 931 1582 loeo
951 1543 968 1582 e
986 1522 1104 1584 Theseo
1124 1522 1298 1584 derelictam
1320 1545 1403 1596 esse,

287 1621 378 1682 supro
395 1599 496 1660 Cnrm.
517 1598 578 1672 xt,
593 1603 622 1672 4.
642 1597 817 1673 dicebatur)
865 1603 917 1662 ubi
940 1605 1066 1664 omuino
1090 1605 1122 1664 in
1146 1605 1297 1686 querelas,
1327 1629 1404 1688 quas

287 1685 376 1763 longe
391 1693 548 1746 resonante
564 1679 815 1754 undatunditur,
866 1682 945 1743 infru
968 1683 1054 1758 ineit,
1083 1705 1241 1766 erumpere
1288 1696 1402 1748 oter-at

288 1783 328 1835 eie
336 1779 502 1844 ‹elipletessen
510 1778 683 1842 «μαχούμενος
693 1783 724 1845 τῷ
732 1778 817 1840 κύματι
865 1766 929 1824 Nec
952 1765 1042 1825 nimie
1061 1765 1210 1828 subtiliter
1229 1707 1403 1828 veliemen-

288 1889 309 1912 φ
320 1857 401 1916 Diae
410 1851 542 1932 intellige
552 1852 678 1914 insulam
689 1854 818 1926 Naxum,
862 1844 935 1906 tiori
947 1846 1040 1906 enimi
1053 1848 1254 1908 commotione
1269 1850 1331 1908 iam
1348 1871 1403 1910 ae-

286 1957 379 1996 unam
392 1955 409 1995 e
422 1933 612 2016 Cycladibus.
627 1932 754 1994 Diodor.
768 1935 816 1995 st·
863 1927 987 1987 ementis
1003 1935 1033 1987 et
1052 1949 1170 1989 mmmo
1183 1929 1222 1988 ob
1235 1930 1402 2010 perfidiam

287 2017 348 2084 cul.
363 2017 425 2088 tv,
445 2017 488 2077 16.
500 2037 529 2097 p,
540 2015 608 2078 308.
619 2013 690 2074 edit.
701 2017 818 2074 Wesse·
864 2007 976 2070 Thesei
990 2007 1095 2070 dolore
1113 2010 1266 2090 perculsae
1280 2013 1400 2072 Ariad-

286 2097 359 2178 ling.
372 2106 518 2165 extersione
530 2100 559 2155 ire
571 2108 645 2160 Nirea
657 2103 812 2162 rioeeripie
864 2107 918 2149 nes
935 2091 1073 2172 querelae
1087 2091 1301 2152 examinandae
1313 2103 1348 2152 el
1363 2095 1400 2153 atl

286 2191 376 2242 etta.
394 2189 432 2234 νῦν
445 2184 469 2233 et
482 2183 586 2235 mon
598 2182 816 2247 ψαηῃωιμένην
863 2169 965 2232 virum
979 2172 1154 2233 resecandae
1167 2180 1252 2246 sunt,
1272 2177 1399 2254 peneci-

288 2268 319 2324 et
344 2259 387 2319 sie
416 2264 587 2318 constanter
618 2264 742 2314 veteres.
774 2256 814 2316 ei.
864 2271 922 2332 pue
941 2253 966 2313 si
984 2255 1103 2315 Nexum
1124 2275 1194 2314 cum
1214 2253 1278 2314 eius
1298 2259 1398 2337 patria

288 2343 407 2416 qune.
421 2337 459 2400 ad
472 2334 645 2418 Apollodor.
659 2338 723 2409 ΙΙΙ,
739 2335 774 2410 5,
788 2337 817 2396 3.
863 2334 968 2408 Crete,
982 2349 1098 2398 eentum
1109 2337 1227 2395 urbibus
1241 2343 1296 2407 (ut
1314 2340 1401 2398 cauit

288 2441 319 2502 p.
333 2422 400 2501 578.
414 2416 817 2500 Sodlongealiter,quinon
864 2415 989 2489 Horat.)
1013 2417 1106 2477 nobili
1129 2437 1355 2498 comparemus.
1378 2453 1400 2466 -

289 2522 360 2561 raro
378 2501 486 2562 sstretas
505 2499 537 2558 in
556 2498 684 2580 simpulo
698 2519 819 2561 movere
863 2498 976 2556 Naxus
993 2496 1123 2582 denique
1141 2507 1303 2559 serment
1319 2501 1402 2560 nac-

289 2581 380 2654 solet,
394 2581 484 2641 sentit
497 2581 628 2640 Vossius.
653 2583 722 2641 Non
737 2581 820 2642 enirn
864 2577 937 2650 eho,
958 2587 988 2638 et
1008 2579 1159 2660 peculiare
1180 2580 1243 2640 eius
1262 2581 1400 2640 domici-

289 2666 432 2734 Naxum,
445 2660 527 2746 quod
536 2660 672 2744 plerique
678 2670 820 2735 statuunt,
863 2657 947 2720 lium.
961 2659 1020 2721 vid.
1035 2663 1144 2720 Barth.
1158 2659 1196 2720 ad
1209 2663 1283 2722 Stet.
1295 2662 1399 2721 Their.

288 2763 346 2826 per
379 2743 470 2804 Diam
504 2741 728 2824 intelligendam
757 2761 819 2803 esse
864 2741 986 2814 vlt,v.
997 2741 1067 2802 686.
1078 2741 1109 2800 iu
1119 2763 1177 2824 que
1188 2743 1251 2824 ipse
1261 2743 1401 2804 Beeelrus

289 2823 457 2897 contendit,
467 2823 520 2886 sed
530 2826 624 2886 Dione
638 2827 815 2898 Cretensem,
864 2841 901 2882 ex
913 2821 998 2882 India
1008 2823 1404 2906 redieastriumphurnbae·

289 2927 365 2990 quae
385 2905 475 2988 vulgo
494 2906 624 2966 Steudia
643 2905 819 3045 appellatur.
863 2902 985 2964 ciricum
1003 2904 1073 2984 egit.
1090 2907 1118 2963 V
1123 2905 1179 2985 irg.
1197 2906 1273 2965 Aen.
1289 2906 1357 2978 ΙΙΙ,
1373 2931 1401 2968 v.

288 2988 338 3051 Ad
352 2988 429 3050 hene
442 3008 525 3048 suam
539 2985 671 3047 adornan
695 3009 741 3046 am
753 3007 819 3049 sen·
869 2985 932 3044 125.
947 2985 999 3044 ubi
1013 2987 1051 3044 ci'.
1066 2987 1183 3063 Heyne.
1207 2985 1302 3063 Quod
1315 2989 1404 3050 enim

288 3070 413 3130 tentiam
433 3067 550 3129 duobus
570 3068 707 3150 inprimis
727 3069 821 3131 utitur
864 3067 990 3126 Vossius
1009 3076 1108 3146 putot,
1132 3065 1282 3128 lheehum
1302 3091 1403 3151 quae-

288 3151 487 3230 ergumentis3
518 3149 652 3232 primam
680 3149 819 3232 quidem,
864 3147 975 3208 madae
988 3148 1133 3208 Ariadnes
1143 3169 1229 3208 causa
1238 3151 1402 3212 necessisse

288 3232 372 3314 qued
391 3234 493 3292 Naxus
510 3232 600 3291 ninus
614 3251 631 3290 e
644 3230 690 3292 via
708 3231 819 3290 Thesei
864 3228 945 3288 illam
958 3229 1105 3288 desertam
1115 3229 1306 3292 Cretensium
1318 3230 1403 3291 iusu-

288 3323 404 3378 remele
414 3315 467 3385 sit,
480 3311 607 3384 deinde,
620 3311 702 3394 quod
712 3333 819 3394 quere·
864 3308 923 3370 lam
932 3352 941 3382 ,
951 3310 1113 3371 ridiculum
1123 3330 1218 3392 paene
1228 3321 1280 3371 est
1297 3315 1403 3373 vossii

288 3394 349 3467 lae,
363 3415 436 3476 quas
449 3393 818 3456 infmiunditilriednev.
864 3391 986 3470 vestigia
1006 3411 1126 3463 seuere,
1153 3399 1187 3452 nt
1206 3392 1297 3464 solet,
1323 3393 1399 3474 legit

293 3477 530 3550 184.Praeteron
542 3475 625 3536 nullo
639 3476 735 3545 littus,
751 3476 818 3535 sola
864 3471 995 3553 Vulpius
1019 3505 1039 3518 -
1064 3471 1219 3553 Copiosius
1239 3473 1278 3534 de
1299 3477 1400 3538 Naso

288 3558 408 3628 imula,
431 3571 506 3616 tecto
525 3565 582 3617 ete.
599 3554 649 3616 vix
665 3555 704 3615 de
724 3555 819 3616 insula
864 3553 925 3634 egit
950 3553 1244 3632 Choireai-Gouffier
1268 3557 1401 3635 Vovage

289 3639 375 3699 Naxo
389 3637 516 3718 intelligi
529 3645 648 3719 queant.
672 3635 764 3715 Quod
780 3635 817 3698 nd
863 3619 1401 3718 pitturesquedeleGreee,Calrierl.

287 3720 421 3800 primum
429 3720 542 3792 attinet,
550 3717 818 3780 consultoomnino
903 3718 944 3778 V.
966 3717 1150 3812 {insereres
1169 3715 1208 3776 de
1227 3717 1401 3810 quibusque

289 3801 425 3862 Theseus
452 3801 484 3860 in
510 3802 579 3880 fuga
603 3808 716 3863 rectum
739 3801 819 3860 viam
863 3797 1138 3875 vehementioribus
1151 3797 1243 3858 animi
1257 3819 1401 3858 eommo-

288 3879 442 3963 reliquisse
473 3881 606 3952 videtum
640 3891 673 3944 at
704 3890 818 3943 nesam
863 3880 1013 3952 tionibus,
1039 3878 1200 3974 praeeipue
1223 3900 1262 3940 er
1286 3901 1401 3960 magno

289 3961 360 4034 alia,
385 3962 492 4044 quihus
515 3963 564 4023 ille
588 3959 635 4022 vel
656 3961 765 4026 inritus
786 3963 818 4023 ia
864 3981 966 4022 amore
990 3969 1072 4020 ortis.
1095 3961 1136 4027 ef.
1157 3983 1186 4021 v.
1207 3967 1256 4044 94.
1276 3961 1339 4024 vid.
1362 3963 1399 4021 C.

289 4043 366 4104 mari
386 4065 403 4108 e
424 4053 504 4102 recu
525 4045 572 4106 via
593 4043 691 4124 abripi
711 4043 818 4124 potuit.
864 4041 1029 4103 narrant
1049 4043 1133 4103 Grnt.
1153 4041 1267 4123 Cyneg.
1281 4065 1312 4102 v.
1327 4043 1400 4114 284.

288 4123 380 4200 Quod
394 4123 430 4182 ad
446 4123 573 4185 alterum
592 4125 713 4198 attinet,
731 4126 820 4205 cogi·
865 4134 894 4184 et
911 4127 969 4184 Vir
978 4126 1093 4184 Doctus
1107 4123 1138 4182 in
1153 4123 1323 4184 Observare
1339 4125 1413 4184 iti.

289 4204 517 4279 tuedebemns,
528 4206 678 4267 Ariadnen
692 4205 818 4266 adlittus
865 4205 947 4266 scell.
965 4206 1005 4265 T.
1026 4203 1057 4265 ΙΙ
1076 4225 1106 4284 p.
1122 4203 1189 4277 234.
1211 4204 1396 4274 indomitos,

287 4286 379 4364 piaris
388 4286 420 4347 iu
429 4286 492 4348 solo
502 4297 531 4349 et
541 4288 696 4356 remotiori
706 4287 818 4356 moulon
866 4307 996 4372 quorum
1007 4286 1051 4352 ris
1063 4295 1093 4351 et
1107 4286 1237 4372 inpetus,
1248 4284 1332 4351 ualle
1344 4306 1400 4348 re*
