3036 5114
480 361 754 422 TEsrtuoan.
1061 359 1170 418 xllx

377 607 556 684 luvenalis
577 607 705 712 Satyra
722 609 745 682 6
764 634 795 684 ν.
819 629 853 700 7.
881 657 888 676 .

53 841 84 852 -
98 837 133 852 ..
147 839 184 854 ..
198 827 231 852 .-.
245 839 278 852 -
290 781 400 854 Haud
417 781 544 855 similis
561 781 647 870 tibi,
667 780 846 879 Cynthia3
871 803 940 852 neo
965 776 1046 870 libi,
1063 777 1168 852 cuius

51 893 243 970 Turbavit
257 895 390 968 nitidos
407 897 608 970 exstinctus
626 895 759 970 Passer
774 893 923 978 ocellos.

355 1055 541 1178 Suetonius
557 1108 596 1176 in
612 1103 703 1178 lulio
720 1129 799 1196 cap.
818 1103 877 1196 73.

103 1271 298 1346 Valerium
321 1272 532 1364 Calidium,
560 1300 583 1347 a
610 1299 683 1375 quo
709 1273 778 1347 sibi
803 1269 990 1346 versiculis
1017 1271 1060 1345 de
1086 1271 1168 1343 Ma-

57 1413 191 1461 murra
210 1396 389 1489 perpelua
406 1395 581 1492 stigmata
597 1390 793 1491 imposita,
819 1415 894 1462 non
920 1388 1169 1462 dissimulave-

55 1509 137 1588 rat,
156 1503 443 1577 satisfacientem
461 1503 589 1576 eadem
608 1504 665 1577 die
684 1503 850 1576 adhibuit
869 1527 1021 1576 coenae:
1049 1501 1169 1602 bospi-

54 1617 185 1712 tioque
203 1617 323 1721 patris
338 1618 435 1709 eius,
452 1619 547 1692 sicui
564 1622 823 1708 consueverat,
841 1618 896 1690 uti
914 1617 1170 1718 perseveravit.

187 1820 451 1923 Quinctilium
468 1823 528 1898 lib.
552 1849 565 1898 1
587 1822 705 1896 instit.
721 1820 905 1896 oratoriae
920 1847 999 1920 cop.
1018 1820 1054 1894 5.
1092 1883 1095 1888 .
1161 1873 1166 1884 ·

55 1975 165 2048 Sicut
186 1976 350 2048 Catullus
364 1977 570 2074 ploxemum
588 1976 687 2050 circa
702 1974 843 2048 Padum
863 1975 1014 2048 invenit.

109 2088 211 2184 (vid.
227 2115 339 2161 carru.
360 2090 444 2185 96.)

174 2297 277 2372 Idem
295 2299 354 2372 lib.
371 2299 447 2374 eod.
464 2327 543 2394 cop.
567 2323 610 2376 10
626 2297 689 2373 ubi
702 2299 745 2374 ele
761 2300 1047 2398 aspirationibus.

107 2455 257 2556 Eripuit
283 2456 384 2528 brevi
408 2462 574 2557 tempore
600 2457 732 2530 nimius
757 2483 870 2544 usus,
897 2461 940 2529 ut
965 2455 1168 2546 eboronae,

61 2569 332 2659 chenmrtones,
355 2573 570 2668 praechones
592 2571 712 2661 adhuc
731 2572 951 2669 quibusdam
968 2572 1173 2672 inscriptio-

59 2689 170 2762 nibus
183 2692 380 2772 maneant3
395 2711 469 2785 qua
483 2686 527 2760 de
540 2711 579 2760 re
594 2687 726 2760 Catulli
737 2687 859 2764 nobile
869 2687 1096 2791 epigramma
1104 2695 1171 2764 osb

111 2799 216 2900 (vid.
233 2826 345 2873 carm.
365 2801 454 2899 83.)

391 3011 488 3085 Idem
507 3011 565 3084 lib.
584 3013 606 3085 6
624 3039 701 3112 cap.
721 3015 756 3088 3.

165 3167 216 3242 Et
243 3167 403 3242 Catullus
429 3194 512 3242 cum
536 3167 645 3240 dicit.-

114 3284 228 3358 Nulla
254 3284 291 3356 in
317 3287 396 3355 tam
423 3304 557 3382 magno
584 3285 640 3354 esi
665 3303 819 3381 corpore
845 3281 942 3355 mica
968 3279 1073 3370 salis,

61 3423 141 3470 non
158 3399 230 3470 hoc
248 3397 360 3485 dicit,
386 3395 476 3468 nihil
493 3397 531 3466 in
549 3417 703 3494 corpore
721 3397 798 3468 eius
817 3394 1116 3470 esseridiculum.

117 3510 218 3606 (vtil-
236 3535 347 3582 carm.
367 3509 457 3602 85.)

432 3711 531 3788 ldom
547 3703 606 3788 lili.
630 3739 672 3788 10
689 3691 767 3811 cop.
792 3740 822 3786 1.

117 3884 273 3960 Iambus
289 3887 364 3957 non'
381 3909 469 3958 sane
488 3909 511 3956 a
528 3883 707 3956 Romanis
722 3877 928 3958 celeb'ratus
946 3889 1021 3972 osi,
1041 3890 1084 3958 ul
1096 3903 1181 3985 pro-

70 4005 192 4103 prium
217 4025 334 4100 opus3
363 4024 385 4070 a
412 3996 632 4098 quibusdam
659 4000 918 4100 interpositus:
949 4002 1053 4078 cuius
1078 4027 1180 4077 acer-

71 4117 167 4189 bilas
183 4116 224 4187 in
242 4113 403 4196 Catullo,
429 4110 629 4202 ffibaculo,
656 4113 822 4190 Horatio.

120 4231 315 4327 (Meminit
337 4220 519 4324 praetereo
545 4228 588 4300 de
614 4227 751 4303 Catullo
782 4231 1045 4330 Quinotilt'nnus
1072 4231 1130 4304 lib.
1158 4255 1190 4327 9,

69 4373 146 4446 snp.
168 4341 247 4418 3et
263 4353 309 4428 43
326 4347 410 4412 item
428 4342 485 4416 lib.
509 4369 547 4415 ιι
572 4368 650 4442 cnp.
672 4371 686 4418 1
708 4359 742 4417 et
759 4345 795 4420 3.
813 4346 829 4440 )

172 4475 317 4546 (ΞΛΜ.
344 4473 461 4545 Corin.
1008 4505 1033 4580 g
