3036 5114
562 342 673 403 Vl'l'd.
1002 431 1007 450 Ι
1064 344 1169 402 thll

61 543 196 618 mentis
216 541 353 640 aliquid
369 567 393 614 a
409 540 547 614 Catullo
565 546 758 614 exaratum
774 539 893 614 innuit
907 539 984 636 (r),
1002 539 1105 614 cuius
1121 565 1170 616 ne

62 659 257 760 vestigium
275 656 420 756 quidem
442 660 616 755 superest
650 655 699 728 Et
715 655 874 728 Catullus
891 656 965 757 ipse
989 653 1173 746 affirmat,

61 775 188 846 carm
215 771 285 860 68,
310 795 344 842 v.
377 795 441 864 17,
467 794 505 842 se
530 774 619 840 satis
645 771 757 841 multa
781 770 919 840 lusisse.
969 766 1172 842 leonidam

61 916 176 986 quum
200 903 298 962 cetos
313 883 453 984 Jlorrilo
479 911 538 963 ver
562 900 695 984 ageret.
737 886 812 960 Nisi
836 885 1018 987 Raphae'li
1042 885 1173 986 Eglino

62 1005 188 1083 iconio
214 1004 390 1104 ligurino
416 1000 624 1076 auscultare
649 1002 801 1076 velimus
828 1004 906 1098 (ε),
934 1003 997 1100 qui
1023 1003 1174 1092 Ccirin,

61 1129 198 1222 potima
223 1118 556 1218 elegantissimrun,
587 1117 735 1218 Virgilio
762 1117 1003 1209 abiudicans,
1034 1120 1172 1192 Catullo

62 1233 238 1306 attribuit
255 1236 403 1331 propter
421 1231 505 1328 styli
523 1229 795 1304 similitudinem
821 1231 878 1326 (3)
893 1257 902 1300 ε
930 1218 1065 1305 Corelli
1087 1258 1175 1331 pro-

63 1350 164 1422 fecto
189 1371 267 1420 esse
293 1345 460 1420 videntur
484 1346 555 1418 tria
586 1347 751 1419 carmina
780 1346 831 1438 in¹
848 1346 1047 1446 Priapum,
1079 1372 1176 1444 quae

62 1461 183 1534 doctis
197 1445 282 1532 viris
295 1458 476 1532 nonnullis
491 1465 573 1558 post
587 1483 736 1532 cannen
756 1483 795 1552 ¹7
813 1457 995 1531 collocare
1013 1457 1175 1558 placuit3

62 1603 137 1650 non
156 1578 210 1650 ita
226 1573 386 1648 dissimili
404 1579 489 1646 sunt
505 1576 671 1646 oratione
688 1598 733 1645 ac
750 1573 858 1669 stylo.
909 1573 1016 1665 Quod
1035 1597 1054 1646 e
1072 1575 1174 1673 puris

64 1689 201 1762 iambis
221 1688 427 1763 confectum
445 1693 520 1782 est,
542 1686 682 1760 Phaseli
702 1687 858 1758 nitorem
875 1687 1042 1787 proxime
1060 1688 1174 1758 attin-

62 1809 137 1906 git:
156 1813 195 1880 et
213 1805 395 1903 quaedam
410 1803 507 1876 iniis
520 1803 774 1890 continentur,
791 1825 951 1900 quorum
965 1802 1121 1875 imitatio
1136 1803 1174 1876 in

64 1919 213 2020 Eclogis
239 1915 443 2020 Wrgilianis
466 1921 641 2017 apparet3
667 1914 836 2017 Virgilius
860 1915 958 1988 enim
984 1937 1007 1988 a
1034 1916 1174 1988 Catullo

385 2145 407 2178 ἡ

66 2245 129 2282 non
150 2229 277 2282 exstant.
305 2219 320 2280 I
390 2217 505 2300 capud
524 2217 597 2279 Vir·
639 2219 742 2300 gurim
761 2219 855 2280 libido
875 2234 927 2280 ort.
948 2220 1049 2300 Quare
1070 2221 1172 2282 admo·

64 2304 175 2384 gilium
201 2301 254 2362 lib.
278 2303 327 2374 V,
373 2317 413 2379 09
433 2321 489 2382 per·
515 2302 597 2360 mille
642 2299 716 2360 dum
736 2299 876 2362 mutilum
885 2323 960 2382 opus
969 2301 1171 2392 Catullignurn

64 2385 217 2445 coloribm
243 2403 362 2455 mcum,
392 2382 433 2442 ihi
453 2382 596 2442 Servius:
642 2381 680 2440 ad
700 2401 755 2443 nos
773 2383 941 2464 pervenisse
963 2384 1086 2444 minime
1113 2385 1171 2446 du·

67 2469 115 2526 De
133 2465 218 2525 iride
235 2483 339 2524 orcum
359 2468 511 2544 ingerere
531 2485 597 2523 ma·
642 2461 728 2524 bium
738 2474 789 2524 est.
802 2463 884 2542 Quid
895 2473 1048 2546 praeterea
1058 2465 1168 2540 dicam,

66 2547 183 2606 arduno
192 2545 470 2627 dinittVirgiiiru,
485 2545 597 2604 Catul-
643 2565 719 2626 quae
744 2546 814 2606 citat
840 2566 876 2607 ex
902 2545 1018 2606 Catullo
1046 2548 1171 2609 Maurus

65 2629 113 2688 lus
132 2629 240 2688 etalii
264 2629 296 2686 in
317 2628 491 2708 ferumine,
523 2627 600 2708 rese·
645 2627 861 2698 Terentianus,
910 2647 985 2709 qnae
1025 2647 1173 2710 nusquam

66 2723 165 2770 rentes
187 2708 233 2768 ad
251 2709 407 2788 originem.
427 2707 519 2788 Atqui
542 2705 600 2766 tale
645 2728 713 2767 com
736 2716 828 2767 arent.
844 2710 925 2768 llaec
935 2707 972 2767 de
987 2707 1171 2771 carminibus

66 2789 144 2850 nihil
158 2789 249 2850 hodie
268 2789 298 2847 in
311 2787 492 2850 Catullianis.
511 2788 600 2848 Prae·
644 2729 753 2848 Catulli
765 2788 927 2870 deperditis
941 2791 997 2848 los.
1018 2791 1169 2871 Scaliger,

67 2879 150 2932 terea
171 2871 235 2930 eius
254 2891 329 2951 opus
348 2869 467 2930 videtur
491 2868 522 2928 in
544 2889 599 2950 ge·-
644 2869 754 2951 quibus
772 2870 871 2950 inepte
891 2871 1011 2952 quidam
1038 2873 1173 2931 Phasma

70 2973 143 3012 nera
158 2949 328 3011 carminum
345 2950 482 3012 distincta
497 2950 598 3023 fuisse,
644 2960 674 3010 et
703 2953 886 3011 Laureolum
916 2973 933 3012 e
965 2951 1103 3012 Iuvenale
1135 2973 1172 3014 ne

69 3033 599 3110 Hendecnslvlladvfflernicadq-
644 3032 831 3093 Tertulliano
864 3032 1040 3112 adiungunt.
1097 3032 1174 3093 Vid.

71 3119 151 3186 rica,
163 3115 320 3194 Elegiaca.
333 3109 437 3195 ltaque
447 3112 597 3172 Charisius
643 3113 723 3174 Sam.
744 3114 874 3175 Petitum
894 3113 932 3172 ad
951 3114 1048 3194 Leges
1061 3113 1174 3176 Atticas

69 3195 142 3254 citat
161 3193 312 3256 Catullum
329 3195 362 3254 in
389 3194 598 3271 Hendocasyl-
642 3215 672 3276 p.
693 3195 752 3269 245
777 3215 858 3277 seqq.
886 3203 916 3254 et
938 3191 1103 3254 Pamelium
1134 3195 1172 3256 ad

69 3276 165 3349 lehis,
191 3274 274 3358 quod
292 3295 363 3336 anne
382 3296 445 3335 non
465 3275 598 3348 fecisset,
643 3275 821 3341 'fenullinm
843 3297 870 3336 o.
892 3275 968 3335 XIV
989 3283 1094 3335 eontra
1110 3277 1172 3335 Va-

70 3357 175 3416 nisiita
183 3356 327 3416 tributum
337 3355 594 3420 luissetrolomen.
641 3355 829 3418 lentinianos.
850 3357 981 3417 Phasma
1001 3357 1041 3434 Q.
1058 3357 1170 3418 Lutatii

70 3437 185 3498 Romus
197 3437 278 3518 apud
293 3437 455 3519 Virgilium
473 3437 598 3518 legimus
643 3437 770 3512 Catulli,
797 3448 827 3498 et
843 3439 1037 3514 ‚liaurcolum
1067 3439 1173 3500 Naevii

71 3551 90 3563 -
114 3521 157 3579 Et
170 3542 231 3602 quo
245 3533 272 3579 te
284 3518 387 3578 dicam
406 3521 565 3579 carmine?
577 3553 597 3565 -
642 3520 690 3580 vel
703 3520 838 3592 Laberii,
859 3528 999 3580 neutrum
1015 3537 1087 3578 vero
1106 3519 1171 3578 Cn-

71 3597 116 3658 lhi
140 3600 266 3662 Servius
290 3599 397 3672 refert,
418 3598 597 3681 Virgilium,
643 3601 707 3660 tulli
721 3599 936 3674 esse,eruditis
950 3600 1008 3657 inm
1023 3608 1168 3665 notatum.
1219 3595 1224 3606 “

71 3702 140 3741 cum
170 3682 261 3742 sciret
281 3681 457 3741 Rhaeticum
477 3681 593 3753 vinum,
625 3715 664 3756 ,—
684 3683 812 3744 Carmen
839 3679 947 3743 Catulli
966 3681 1006 3738 dc
1026 3683 1170 3741 incanta-

70 3782 262 3844 summopere
282 3761 397 3822 laudari
422 3783 438 3821 a
464 3761 597 3836 Catone,
642 3768 748 3824 mentis
769 3764 840 3822 citat
858 3761 935 3822 Plin.
959 3761 1118 3833 xxvul,
1142 3783 1172 3822 2.

70 3853 176 3906 contr-a
195 3852 296 3903 nutem
316 3843 478 3924 vituperari
497 3865 514 3902 a
533 3845 597 3902 Ca-
645 3843 839 3926 lthyphallica
869 3849 1016 3901 memorat
1049 3841 1173 3902 Teren-

71 3925 162 3999 tullo,
189 3945 230 3985 ne
249 3945 280 3984 se
300 3924 332 3984 in
351 3945 417 3986 enm
437 3924 599 3985 dissensio·
643 3923 944 3995 tianuslrlanrusOEx
957 3923 1169 3986 debriantur.

71 4027 141 4074 nem
180 4007 370 4088 interponet,
412 4004 468 4066 hoc
508 4004 599 4065 modo
628 4002 716 4068 'Lan
730 4009 820 4068 Toni.
841 4006 873 4078 l,
893 4025 922 4064 c.
943 4005 1002 4082 5.).

71 4085 215 4148 loentum.
266 4107 282 4144 a
319 4087 347 4145 ui
378 4085 410 4147 in
444 4085 598 4147 hodiernis
685 4094 730 4162 (ι)
751 4088 818 4147 Lib.
839 4087 878 4147 28
899 4095 957 4146 nat
979 4086 1053 4146 llist
1074 4105 1102 4144 2.

70 4097 333 4228 satullianisndlln
344 4177 413 4228 nota
423 4170 486 4229 eius
496 4169 539 4228 rei
550 4188 600 4229 cx·
685 4169 731 4242 (2)
751 4170 788 4228 In
802 4166 939 4230 vindiciis
952 4167 1048 4228 Ceiris
1060 4163 1170 4226 Catul-

71 4259 132 4308 stnt.
155 4251 296 4342 Denique
317 4250 432 4310 Nonius
452 4272 489 4311 ex
516 4251 600 4310 Pria·
644 4249 739 4310 lionae
752 4249 891 4310 adversus
906 4248 963 4309 los.
975 4246 1171 4328 Scaligerum.

72 4351 127 4412 peo
146 4331 258 4394 Catulli
279 4329 411 4392 adducit:
431 4333 548 4396 demon
563 4332 600 4392 u·-
685 4331 730 4410 (3)
743 4334 867 4394 Praeter
885 4349 951 4393 rem
971 4328 1095 4392 omnino
1114 4328 1170 4388 cr·-
