3000 5108
447 284 621 343 CARMEN
661 287 776 344 LXIV.
1078 285 1166 382 191-

100 498 135 556 iu
148 513 229 578 qua,
245 505 277 554 ut
289 489 447 564 praeclara
459 494 491 550 in
506 491 678 552 Laocoonte
690 493 793 554 docmt
807 487 995 573 Lessingias,
1012 492 1167 554 nobilissi-

102 612 185 652 mum
199 599 228 650 et
238 589 384 655 tamtam
392 589 519 650 actionis
533 601 713 648 momentum
728 591 863 670 exprimi
876 587 959 648 debet
971 589 1009 648 ab
1022 586 1165 674 artifices

101 683 180 764 quid
187 724 196 754 ,
212 703 337 764 quaeso,
354 678 506 758 efficacius
519 679 564 740 ad
576 693 775 762 spectatorum
790 684 907 741 animos
920 680 1028 740 dolore
1040 695 1068 739 et
1080 703 1167 740 com-
1268 739 1271 748 Δ

100 777 294 838 miseratione
310 772 526 857 permovendos
546 775 675 854 cogitari
692 788 804 857 potest,
834 794 925 852 quam
946 775 989 832 sic
1007 787 1036 833 et
1055 775 1087 834 in
1108 775 1166 832 lioc

97 867 286 947 potissinmm
305 877 384 924 statu
397 864 551 946 descripta
565 865 718 940 Ariadne,
735 889 814 950 quae
824 867 1012 926 clamatore
1020 865 1167 926 derelicta

99 959 135 1014 in
153 957 314 1018 solitudine
335 955 445 1018 deserti
465 959 594 1032 littoris,
615 959 710 1022 oculis
729 960 881 1022 desiderio
904 959 1114 1020 tabescentibus
1131 959 1169 1018 in

100 1073 187 1110 nicae
204 1067 315 1114 vastum
334 1053 507 1137 prospicit?
547 1053 647 1118 Ilahet
673 1057 729 1116 ltoc
746 1057 844 1137 ipsum
865 1056 1000 1114 leomeris
1023 1053 1160 1138 aliquid,

90 1147 218 1232 fingere
230 1150 286 1208 sibi
298 1151 447 1212 ltominem
461 1149 506 1210 od
520 1153 678 1232 mugientis
692 1153 786 1210 maris
788 1151 908 1231 stratus
921 1152 954 1209 in
973 1149 1074 1210 littore
1086 1171 1163 1231 atte-

102 1241 183 1299 relas
191 1241 389 1321 fundentem,
411 1242 492 1304 unde
509 1245 573 1304 iam
595 1243 730 1304 Homero
744 1241 827 1302 littus
829 1242 1006 1325 firmiendis
1022 1242 1163 1324 precibus

100 1349 130 1394 et
148 1337 275 1417 qttaelis
291 1337 373 1398 lactu
385 1339 558 1420 aptissimus
577 1341 655 1398 visus
673 1353 731 1411 est,
753 1337 814 1398 vid.
833 1361 912 1420 quae
930 1341 1096 1400 notavimus
1115 1337 1162 1398 ad

103 1429 210 1488 Carm.
222 1429 353 1502 LXIII,
370 1454 397 1492 ν.
407 1431 455 1503 48.
491 1427 595 1514 Neque
607 1431 687 1492 illud
696 1429 995 1514 praetermittendum
1007 1445 1065 1502 est,
1081 1429 1166 1512 quod

94 1527 188 1602 poeta
206 1543 322 1584 summo
347 1521 454 1582 dolore
466 1524 637 1606 perculsam
658 1523 848 1594 Ariadnam,
870 1543 964 1603 neque
981 1543 1083 1582 comas
1102 1523 1159 1580 sihi

100 1617 286 1689 evellentern,
308 1639 401 1700 tneque
410 1632 535 1700 pectora
549 1617 736 1689 tundentem,
759 1638 853 1698 neqtte
865 1617 930 1676 alia
944 1617 1162 1677 srunmllnctus

100 1710 188 1790 rigna
201 1709 333 1772 edentem
349 1713 400 1793 (cs.
415 1733 440 1769 v.
454 1709 522 1772 223.
531 1725 559 1772 et
573 1709 628 1772 351
639 1719 742 1793 seqq.)
752 1709 806 1770 sed
818 1723 938 1790 stupore
946 1723 1062 1770 tantum
1077 1709 1168 1792 defi-

101 1823 198 1876 xam,
226 1818 253 1866 et
276 1804 387 1866 cultum
405 1805 574 1886 puellarem
593 1805 786 1886 negligentem
808 1817 957 1886 sapienter
976 1805 1168 1880 calcibuerit,

105 1896 191 1978 quod
212 1897 335 1978 quidem
358 1899 456 1980 ipsum
480 1898 591 1978 insigni
609 1901 690 1972 eius,
711 1919 773 1980 qua
789 1896 934 1980 praedita
936 1897 1026 1977 suit,
1038 1897 1170 1978 formae

99 1991 320 2073 pulchritudini
334 2001 378 2064 (ν.
388 1991 437 2071 89.
448 2001 515 2072 90.)
529 2015 634 2054 novum
649 1993 740 2055 addit
749 1995 942 2054 lenocinium.
970 1993 1059 2074 Quod
1072 1996 1165 2075 igitur·

102 2087 275 2145 recentioris
294 2087 401 2146 aetatis
424 2087 546 2160 Critici,
568 2101 596 2147 et
614 2089 808 2168 elegantiores
828 2109 913 2148 serae
928 2085 1168 2168 pulchritudinis

101 2193 284 2260 spectatores
303 2185 512 2266 praecipiunt,
533 2184 697 2266 pictoribus
708 2182 928 2268 fictoribusque
948 2185 1114 2264 imaginum
1129 2186 1165 2244 in

102 2277 313 2358 nprtmmdis
326 2280 421 2338 antimi
431 2279 701 2360 perturbationibus
710 2279 755 2338 vel
765 2281 902 2338 maxime
911 2279 1079 2340 canendum
1094 2302 1167 2347 erre,

105 2389 145 2427 ne
166 2372 284 2429 oriatur
307 2371 461 2453 turpitudo
484 2384 512 2431 et
532 2369 728 2454 deformitas,
751 2371 804 2432 sed
825 2374 982 2432 ventutatis
1001 2385 1029 2431 et
1048 2371 1168 2434 decoris

105 2463 268 2544 diligenter
280 2465 423 2526 habeatur
436 2468 535 2538 ratio,
548 2465 583 2525 id
592 2469 733 2549 apprime
742 2488 763 2526 a
770 2472 862 2550 pulta
872 2483 973 2528 nostro
982 2469 1169 2528 observatum

105 2579 180 2628 esse,
196 2579 256 2618 nan
270 2557 333 2618 sine
343 2559 491 2639 vohcptate
499 2557 775 2620 animadvertimus.
785 2559 853 2621 vide
863 2582 942 2642 quae
953 2559 998 2620 ad
1012 2559 1167 2620 Laocoon·

105 2659 168 2711 lem
192 2650 340 2734 Lessingii
357 2654 514 2714 observavit
536 2652 690 2716 Herdcrus
709 2655 782 2715 olim
803 2657 836 2717 in
856 2654 937 2717 Silva
955 2653 1068 2716 Crilicn
1091 2655 1165 2717 Vol.

104 2749 158 2820 II,
173 2771 207 2831 p.
219 2753 289 2824 244„
303 2748 386 2812 adde
398 2747 583 2829 Hagedornii
603 2747 844 2832 Batrachtungen
864 2749 941 2810 iiher
960 2749 1010 2810 die
1027 2749 1165 2831 Malercy

105 2859 161 2904 etc.
176 2844 241 2916 IX,
254 2867 288 2926 p.
301 2845 365 2907 108·
398 2845 461 2904 Nec
471 2843 597 2904 multum
610 2843 809 2916 intercedam,
826 2846 854 2904 si
865 2848 933 2928 quis
942 2847 1050 2927 poitae
1063 2849 1094 2906 in
1108 2848 1166 2906 ltac

103 2939 262 3000 Ariadnes
286 2938 500 2998 adumbrantia
522 2940 655 3020 imagine
675 2958 775 2999 veram
796 2940 933 3023 aliquam
950 2942 1101 3023 picturam
1122 2943 1168 3000 vel

105 3045 238 3092 statuam
259 3045 336 3092 certe
355 3032 393 3090 ab
411 3031 513 3092 oculos
526 3045 672 3091 versatam
687 3053 749 3091 esse
758 3025 919 3092 contendat
932 3047 959 3092 et
972 3034 1029 3092 sibi
1037 3054 1168 3116 persua-

105 3125 189 3186 deat.
217 3127 368 3186 Plaeuisse
380 3128 458 3184 enim
472 3127 528 3186 noc
540 3138 748 3205 argumentum
759 3127 792 3186 in
801 3129 979 3208 antiquitate
989 3129 1166 3216 artificibus,

105 3221 152 3280 vel
174 3243 217 3280 ex
241 3223 280 3282 iis
302 3221 514 3291 monumentis,
546 3241 673 3300 quorum
697 3224 845 3282 memoria
867 3222 912 3282 ad
935 3245 990 3284 nos
1010 3227 1165 3310 pervenit,

103 3315 225 3374 abunde
240 3327 336 3396 patet.
365 3315 510 3395 Inprimis
530 3305 626 3394 digna
646 3325 691 3376 cst
706 3336 789 3395 quae
802 3315 977 3399 conserat'tu·
993 3320 1113 3400 pictura
1133 3321 1171 3378 in

103 3405 233 3486 picturis
252 3405 523 3468 Herculanensibus
544 3409 582 3466 Τ.
600 3409 639 3466 II
647 3449 657 3480 ,
679 3409 737 3468 tab.
762 3412 806 3483 14.
825 3409 868 3489 cf.
887 3409 968 3470 Plin.
988 3412 1071 3471 Hist.
1090 3413 1164 3471 Nat.

107 3502 246 3573 XXXV,
267 3523 309 3561 tt.
322 3501 352 3562 S.
367 3501 417 3562 35.
430 3515 458 3562 et
471 3501 576 3562 Iunius
588 3501 620 3562 in
635 3501 740 3564 Indice
754 3503 925 3566 Artificium
937 3527 962 3564 s.
975 3529 1001 3566 ν.
1011 3505 1165 3568 Aristides.

75 3619 77 3622 ·
105 3593 299 3673 -Proposita
312 3607 408 3654 autem
423 3596 480 3654 Irae
489 3595 644 3656 Ariadnes
656 3599 801 3678 imagine,
815 3587 880 3682 ipse
889 3606 981 3682 poita
987 3614 1090 3681 partes
1103 3605 1169 3684 agit

103 3686 293 3764 interpretis,
316 3699 344 3744 et
362 3685 406 3745 ad
417 3686 561 3767 fabulam
575 3689 616 3750 de
627 3711 731 3750 amore
744 3691 898 3752 Ariadnes
911 3707 938 3752 et
952 3693 1044 3754 caede
1056 3696 1168 3756 Mino-

101 3777 188 3838 tauri
200 3776 292 3836 iatius
304 3779 521 3860 explicandam
532 3786 641 3866 pergit.
683 3816 704 3829 -
721 3785 806 3845 Hine
818 3784 863 3846 ad
876 3787 974 3848 Iocum
987 3787 1191 3870 pulcherri-*t

101 3889 187 3930 mum
199 3867 239 3928 de
248 3871 338 3930 variis
347 3873 442 3930 animi
450 3877 706 3950 commotionibus,
718 3879 821 3960 qttibus
828 3879 946 3939 misella
955 3879 1012 3938 illa
1019 3881 1167 3960 agitatur,

96 3961 317 4046 progreditur,
338 3977 445 4047 etpost
457 3967 539 4038 ada,
561 3989 639 4049 quae
650 3993 765 4031 summo
778 3972 881 4032 dolori
894 3973 1085 4044 cortreniunt,
1106 3973 1165 4032 di-

98 4075 212 4116 rarum
232 4053 376 4138 denique,
405 4061 509 4141 quibus
531 4061 588 4120 illa
610 4077 701 4145 caput
726 4067 832 4126 Tneset
854 4064 990 4136 dames,
1017 4067 1166 4125 merrtione

97 4151 233 4220 iniecta,
255 4149 299 4208 ad
314 4173 458 4233 poenam,
481 4177 573 4236 qttam
591 4178 667 4217 mox
686 4181 707 4219 a
730 4162 842 4222 Tneseo
856 4160 1007 4244 repetierit
1021 4161 1161 4243 Iupiter,

96 4245 233 4318 transit,
244 4245 414 4330 solidaque
425 4247 466 4308 de
478 4249 596 4332 Aegeo,
614 4255 648 4314 in
660 4276 746 4340 mare
759 4277 789 4316 se
798 4261 1038 4341 praecipitante,
1051 4260 1164 4324 subor-

959 4593 972 4642 t

1299 4505 1482 4688 ,ἦ
