3036 5114
432 547 862 652 vaPII

519 813 782 871 nln‘rnlnn

332 1023 402 1100 DE
440 1025 661 1110 METRlS
699 1025 969 1104 CATVLLI.

101 1613 319 1780 Versuum
336 1725 486 1802 genera,
504 1698 636 1799 quibus
652 1697 692 1770 in
708 1693 1031 1800 epigrammatibus
1058 1689 1203 1769 ceteris·
1256 1683 1259 1689 ’

101 1831 175 1912 que
194 1815 374 1914 poematis
392 1815 506 1888 utitur
535 1811 721 1901 Catullus,
746 1836 898 1884 numero
924 1810 1203 1909 quatuordecim

100 1933 314 1999 occmrunt
365 1925 568 2026 Principem
583 1927 706 1998 locum
724 1923 865 1996 obtinet
884 1921 1097 1994 Phalaecius
1114 1921 1202 1993 hen-

102 2039 385 2136 decasyllabos,
420 2041 481 2138 qui
512 2045 656 2112 constat
681 2063 701 2110 e
727 2034 934 2136 spondaeo,
971 2032 1115 2129 dactylo
1156 2055 1203 2104 ac

104 2149 225 2224 tribus
250 2145 452 2236 trochaeis,
478 2147 548 2224 hoc
574 2156 706 2251 pacto:

104 2311 832 2398 Quoitlolnfilipildumnilviimlilbilliim

107 2479 150 2549 In
176 2475 296 2577 prima
320 2481 445 2548 tamen
471 2474 552 2548 sede
579 2472 677 2574 apud
715 2470 936 2570 antiquiores
968 2469 1097 2569 poetas
1130 2447 1206 2538 tro*

105 2591 263 2662 c'haeum
303 2588 361 2660 vel
407 2587 571 2660 iambum
618 2586 701 2658 ioco
736 2583 907 2686 spondaei
939 2603 1204 2676 nonnunquam

106 2704 262 2805 recepit,
293 2704 397 2776 utin
423 2701 678 2801 sequentibus:

105 2869 176 2928 'Ari
190 2865 537 2948 idimodtiypa'rmifce
553 2861 750 2945 inpollitiim

107 2967 725 3052 nasiaseaniqaiapouarainagss

110 3134 154 3203 ln
181 3129 298 3202 altera
321 3134 433 3228 poeta
457 3130 579 3200 noster
616 3130 776 3201 carmine
804 3125 873 3223 57,
899 3151 933 3201 v·
962 3151 995 3220 7.
1034 3123 1209 3207 creticum

111 3239 188 3316 sive
213 3242 505 3341 amphimacrum
530 3241 640 3314 semel
666 3243 876 3340 usurpavit:

110 3414 199 3474 'Uno
211 3415 246 3470 in
259 3415 265 3480 Ι
278 3409 388 3472 lectulo
401 3411 408 3478 Ι
422 3410 475 3470 era
489 3415 494 3480 Ι
509 3409 573 3470 ditia
587 3412 592 3476 Ι
606 3409 627 3470 li
641 3409 730 3470 {mlxi

114 3579 250 3650 tersus
276 3579 402 3647 autem
426 3573 485 3676 ille
510 3571 612 3644 initio
638 3571 807 3644 carminis
834 3575 894 3658 40.

113 3739 273 3817 Quaenam
293 3743 323 3794 te
342 3733 418 3794 mala
437 3751 537 3808 mens,
557 3733 669 3794 miselle
688 3727 813 3796 Ravide.

113 3895 347 3992 hypermeter
362 3895 436 3978 est,
450 3891 523 3964 sive
538 3917 611 3964 una
627 3889 769 3988 syllaba
781 3889 999 3979 redundans,
1017 3913 1126 3988 quem
1142 3889 1212 3964 hac

114 4007 259 4078 ratione
276 4004 464 4093 metimur,
478 4010 522 4076 ut
537 4012 721 4105 postrema
734 4004 876 4102 syllaba
888 4027 954 4102 per
968 4003 1213 4102 synaloephen

117 4119 277 4193 elidatur
294 4143 317 4189 a
332 4120 449 4218 prima
467 4119 740 4218 subsequentis,
759 4143 853 4216 quae
870 4117 996 4216 incipit
1012 4143 1035 4189 a
1051 4117 1187 4192 vocali:

115 4283 339 4367 Qenamll}
354 4283 622 4361 mailailmfinsmtp
635 4283 725 4351 55115'
738 4285 814 4350 ΒΜ
841 4281 999 4366 'devm
1118 4283 1122 4290 .

224 4393 365 4470 CATVL.
393 4397 511 4471 Carm.
1004 4397 1063 4496 g3
