3010 5092
447 413 621 474 CARMEN
656 414 775 474 XLIII·

58 615 136 687 Nec
155 612 272 716 longis
291 612 429 714 digitis,
447 637 515 686 nec
533 637 596 686 ore
613 613 732 700 sicco,

62 733 136 804 Nec
155 753 243 802 sane
261 727 368 800 muris
384 726 549 828 elegante
566 727 711 830 lingua,

62 845 275 918 Decoctoris
293 842 415 917 amica
430 840 628 914 Formiani·
793 836 796 842 ’

61 953 154 1030 Ten'
165 956 354 1056 provincia
368 960 497 1027 narrat
514 978 600 1028 esse·
609 953 770 1046 bellam?

62 1075 206 1146 Tecum
221 1071 354 1144 Lesbia
369 1077 497 1144 nostra
514 1070 777 1172 comparatur?

61 1185 97 1258 Ο
112 1183 256 1256 seclum
270 1183 441 1284 insipiens
458 1189 495 1257 et
512 1170 720 1258 inficetum!

62 1399 236 1460 Deammre
253 1395 302 1458 vel
320 1397 457 1458 Heroum
478 1396 581 1460 laudes
642 1397 799 1472 XXVIII,
811 1420 838 1482 7.
848 1405 878 1460 et
890 1395 1029 1461 lambio.
1040 1396 1078 1458 ad
1092 1399 1160 1458 llo-

62 1479 254 1540 celebraturi.
265 1501 347 1540 -nec
357 1481 481 1540 ηιὶηἰιηο
493 1501 579 1540 naso.
644 1489 700 1540 rat.
715 1479 775 1541 od.
790 1480 818 1556 1,
829 1481 883 1554 32,
901 1504 944 1541 11.
959 1515 979 1527 -
990 1482 1162 1560 Nestongis

61 1561 134 1622 Fuit
152 1561 207 1621 iste.
228 1581 329 1634 nasus,
352 1580 536 1702 quemuffiue
550 1581 582 1620 se
642 1561 750 1655 digitis
767 1562 806 1621 cl.
825 1562 962 1643 Propert.
977 1561 1026 1635 11,
1042 1583 1076 1634 2,
1091 1560 1120 1620 5.
1135 1568 1166 1618 ct

62 1643 131 1702 tulit
154 1642 316 1716 meretrix,
339 1656 351 1702 t
410 1646 438 1702 ie
514 1685 524 1714 ,
549 1649 583 1700 ut
646 1641 688 1702 ihr
697 1643 1061 1704 passaranum-nccare
1070 1644 1161 1715 sicco,

61 1732 190 1784 vocatur
208 1723 309 1783 Germ.
325 1664 408 1784 xiil:
429 1745 458 1786 r·
472 1720 503 1782 3.
520 1722 582 1783 sive
645 1741 684 1784 ex
712 1745 774 1806 quo
804 1724 909 1785 salivae
939 1722 1022 1805 quasi
1051 1720 1165 1785 rivulus

61 1805 391 1876 tueritnaeminimus,
405 1804 436 1864 h.
448 1823 474 1864 e.
489 1822 582 1886 prae-
644 1813 792 1888 perpetuo
813 1813 904 1866 rorat.

61 1895 111 1945 ter
130 1885 257 1946 modam
272 1883 394 1966 grandis
413 1892 444 1945 et
462 1904 582 1968 expan-
687 1887 727 1947 V.
740 1889 768 1960 4.
778 1908 831 1946 uec
840 1887 913 1946 sanc
922 1887 996 1946 ηἰιπ.
1006 1885 1080 1978 clep.
1090 1883 1166 1964 ling.

61 1989 130 2040 aus,
145 1967 208 2027 sive
220 1987 274 2026 nec
287 1968 398 2026 nimau
413 1965 492 2040 [vid.
507 1966 581 2026 var.
646 1966 785 2029 innuitur
799 1967 920 2026 fortasse
940 1964 1107 2025 meretricis
1121 1963 1170 2021 in-

62 2048 175 2124 Lect]
197 2055 317 2128 practer
333 2045 460 2108 modum
473 2065 583 2128 parvus
646 2047 739 2107 lautia
763 2048 810 2110 vel
832 2047 976 2130 loquendi
997 2045 1167 2119 rusticitas,

62 2138 94 2188 et
106 2128 275 2210 depressus.
289 2128 414 2188 Vossius
428 2149 481 2187 nec
495 2131 585 2203 ιῃίιιί-
646 2126 695 2189 vel
714 2128 847 2210 ingratae
874 2128 955 2191 vocis
978 2126 1129 2206 asperitas.

62 2231 113 2270 mo
124 2229 201 2270 noso
216 2206 345 2269 ridiculo
358 2208 584 2290 interpretatur,
688 2209 728 2269 V.
744 2211 771 2270 5.
783 2211 822 2270 cf.
835 2208 872 2269 ad
881 2210 981 2269 Carm.
994 2208 1080 2280 XLI,
1095 2229 1122 2266 v.
1135 2209 1163 2280 4.

64 2293 156 2373 quasi
171 2291 250 2351 matt
259 2291 433 2372 planenasi
449 2291 583 2350 habuerit
687 2291 728 2350 V.
738 2291 766 2350 6.
779 2292 852 2352 Ten'
879 2291 1022 2352 rovincia.
1030 2287 1166 2369 Scaliger

60 2372 285 2453 patella-Nec
301 2371 377 2432 betto
388 2371 483 2454 pede,
505 2370 586 2432 haud
648 2370 786 2452 intelligit
810 2313 956 2444 Galliam,
984 2369 1068 2430 cuius
1096 2389 1165 2450 pars

65 2451 159 2512 dubie
181 2451 272 2512 nimis
285 2449 370 2532 largo
390 2459 421 2511 et
439 2453 584 2536 spatioso,
648 2461 726 2514 esset
745 2449 975 2534 Transpadana,
1001 2451 1052 2510 ubi
1071 2451 1167 2510 amica

65 2553 137 2594 nam
152 2533 186 2592 in
201 2531 289 2594 laude
303 2533 362 2593 tuit
370 2555 427 2629 pes
439 2537 582 2615 exiguus,
648 2535 822 2595 Mamurrae
831 2535 928 2616 etipse
938 2531 1085 2606 Catullus,
1096 2553 1167 2592 cum

62 2614 156 2676 ovid.
167 2617 234 2676 Art
245 2615 313 2675 Am.
325 2613 350 2688 1,
362 2613 430 2675 bat.
441 2624 472 2675 et
482 2617 585 2675 Amor.
649 2613 722 2676 haec
759 2615 929 2689 scriberet,
967 2621 1168 2675 commoratus

65 2696 131 2770 111,
150 2695 187 2771 3,
210 2717 237 2778 7.
253 2728 273 2739 -
287 2717 341 2756 nec
354 2698 451 2777 angria
464 2697 582 2769 ocellis,
649 2695 751 2756 fuerit.

102 2777 146 2837 ud
159 2785 277 2838 veteres
290 2797 410 2858 quoque
426 2796 496 2858 pars
513 2776 587 2872 pul·
690 2779 730 2838 V.
744 2778 773 2840 8.
796 2777 824 2838 O
846 2777 956 2837 seclum
973 2778 1116 2858 insipiens
1139 2787 1167 2836 et

82 2799 248 2918 latitudinis
264 2858 434 2938 ponebatur
446 2858 478 2918 in
491 2858 587 2941 rugris
648 2858 821 2944 irficetum!
832 2879 850 2918 o
864 2858 965 2918 aetatis
978 2867 1095 2916 nostrae
1112 2856 1166 2914 ho-

66 2939 180 3012 oculis,
208 2939 346 3020 Propert.
376 2939 427 3012 Il,
458 2961 509 3013 12,
536 2939 586 2999 23.
649 2941 745 3001 mines
768 2939 806 2998 ab
827 2939 911 3001 omni
933 2959 1022 3002 sensu
1041 2934 1168 3020 pulchri

64 3021 106 3080 cf.
129 3018 232 3082 Faber
253 3018 292 3080 od
315 3022 497 3083 Anacroout
524 3020 586 3084 od.
651 3021 827 3084 destitutos!

62 2797 80 2836 ὃ

63 2879 81 2918 c

415 3320 660 3398 CARMEN
701 3325 828 3398 XLIV.

499 3537 549 3592 AD
580 3537 746 3592 FVNDVM.

70 3739 127 3800 Ad
141 3757 267 3798 coenam
282 3755 349 3796 cum
365 3735 505 3796 invitatus
518 3747 590 3794 essct
607 3734 744 3796 Catullus
757 3755 778 3795 a
794 3735 887 3796 Sestio
901 3733 1035 3818 quodam
1046 3736 1175 3818 pessimo

105 3845 248 3902 oratore,
272 3827 426 3910 praelecta
439 3827 477 3887 ab
490 3849 525 3886 eo
538 3830 720 3908 ineptiarum
739 3841 768 3889 et
786 3831 917 3911 stuporis
933 3830 1026 3911 plena
1039 3831 1176 3889 oratione

106 3923 191 3984 adeo
205 3921 332 4003 affectus
341 3922 427 4003 suit,
449 3933 482 3980 ut
493 3919 578 3980 illico
591 3935 785 4000 quassarenar
796 3924 870 3980 tussi
882 3935 911 3981 ct
921 3921 1092 4002 gravedine.
1138 3921 1176 3980 Ut

107 4019 224 4100 igitar,
248 4013 333 4098 quad
353 4016 386 4074 in
399 4035 494 4075 coena
515 4011 701 4084 devorasset,
724 4014 895 4074 acerbitatis
916 4015 995 4072 virus
1016 4025 1176 4082 evomeret,

108 4121 139 4170 et
159 4107 244 4167 male
263 4106 405 4190 affectam
426 4127 537 4190 corpus
556 4119 722 4176 recrearet,
751 4105 831 4164 adiit
853 4105 990 4165 villulam
1012 4125 1118 4178 suain,
1145 4107 1178 4163 in

108 4205 196 4266 cuius
209 4205 276 4263 sinu
290 4223 366 4262 mox
379 4203 529 4286 convaluit
541 4204 603 4288 otio
617 4215 645 4262 et
658 4200 943 4261 medicaminibus·
955 4201 1081 4276 Laudat
1092 4210 1178 4282 pro·

107 4313 216 4382 pterea
233 4297 264 4356 in
278 4297 335 4354 hoc
355 4298 490 4356 carusius
508 4295 630 4372 villulae
648 4317 720 4356 suae
736 4295 956 4377 praestatutam
979 4308 1007 4380 et
1027 4298 1180 4378 egregium,

110 4393 149 4453 ab
162 4394 221 4452 itta
242 4391 297 4451 sibi
315 4381 493 4473 praestitum
511 4391 701 4475 beneficium,
717 4391 861 4471 Seruique
881 4393 1004 4477 nefaria
1022 4391 1180 4471 scriptula

175 4505 316 4582 Carti..
336 4505 455 4577 Caras.
997 4505 1031 4575 Ο
