3000 5108
497 293 669 356 CARMEN
705 299 767 358 LV.

64 491 247 571 Femellas
263 517 409 585 onmes,
426 489 544 598 arnice
552 549 563 585 ,
581 496 728 598 prendi,

66 617 172 704 Quas
187 613 289 686 voltu
305 611 377 686 vidi
391 618 516 685 tamen
532 635 680 700 sereno,
804 628 807 637 '

65 725 147 799 Has
162 725 220 800 vel
236 732 273 798 te
289 727 340 798 sic
355 726 432 825 ipse
447 724 679 827 flagitabam:

66 843 282 916 Camerium
298 841 406 928 mihi,
423 842 599 941 pessimae
616 839 770 943 puellae.

66 953 262 1044 Quaedam
276 951 414 1048 inquit,
432 953 572 1027 nudum
588 955 710 1028 sinum
725 953 919 1028 reducens:

66 1069 126 1142 En
143 1065 204 1140 hic
221 1066 258 1138 in
275 1065 386 1138 roseis
404 1065 496 1139 latet
511 1067 667 1169 papillis.

66 1280 139 1330 Ιονίε
162 1276 272 1330 Vossius
293 1293 326 1330 ex
346 1293 393 1330 sao
413 1273 482 1328 libro
504 1278 624 1347 praefert.
663 1278 697 1332 V.
709 1291 734 1344 7.
753 1275 892 1347 praebendi
913 1279 1007 1333 vitiose
1028 1281 1057 1333 in
1078 1279 1171 1333 Venet.

67 1355 99 1410 V.
125 1359 149 1408 8.
174 1355 247 1425 Qum
270 1354 339 1408 vulta
359 1372 431 1425 mage
452 1356 558 1408 vidimus
580 1369 669 1410 sereno
692 1357 795 1426 Grypb.
824 1359 896 1428 Qua
919 1359 992 1409 vultu
1015 1355 1067 1408 vidi
1088 1369 1173 1409 taenea

69 1455 184 1488 cereum·
208 1433 307 1488 Muret-
341 1435 373 1488 V.
392 1449 417 1504 9.
433 1427 543 1488 Alerta:
567 1435 609 1489 vel
632 1437 711 1490 aeliu
733 1443 769 1490 sio
792 1442 845 1505 ipse
869 1439 898 1489 in
920 1438 980 1491 Iihr.
1003 1439 1080 1494 MSS.
1108 1447 1173 1492 teate

66 1517 217 1582 Meleagro.
240 1517 288 1583 qui
305 1513 365 1568 inde
382 1516 439 1569 sine
456 1533 533 1568 senen
551 1519 692 1584 proponit:
716 1514 760 1570 Ae
778 1518 831 1568 vult
847 1521 888 1577 ἰη,
910 1523 945 1570 εἰσ
961 1521 1175 1592 ipseflogitabam

69 1599 220 1650 canterium
236 1593 315 1657 mibi,
333 1599 457 1666 pessimae
472 1593 571 1664 puellae
584 1623 616 1634 -
626 1595 712 1648 Avelli
728 1601 802 1650 sinite
819 1597 916 1652 Arent.
932 1601 980 1652 bas
998 1614 1023 1653 te
1039 1607 1075 1653 εἰε
1091 1613 1175 1652 mma

68 1673 179 1746 Gryph-
197 1675 245 1726 teu
267 1687 292 1726 te
314 1679 349 1727 sio
367 1683 466 1726 tantam
487 1673 582 1728 Muret-
608 1671 653 1728 At
677 1675 721 1727 vel
741 1688 766 1728 te
787 1679 821 1728 sic
841 1675 933 1748 scalig.
955 1677 1025 1732 unde
1047 1678 1093 1731 illo
1114 1679 1176 1730 lecit

69 1765 193 1808 nostram
216 1751 354 1806 lectionem
375 1747 435 1806 llas
460 1753 545 1804 velte
569 1757 611 1805 sic.
633 1761 660 1806 at
682 1752 790 1807 Vossius
815 1754 915 1808 mavult
935 1755 979 1808 Ae
1003 1755 1103 1808 avellite
1123 1759 1176 1821 ipse

66 1837 223 1907 flagitabam
234 1861 267 1874 -
279 1836 308 1886 in
325 1836 439 1902 marqma
455 1830 516 1884 libri
533 1827 624 1886 Heins-
640 1834 736 1903 egregie
753 1831 787 1886 ad
803 1852 910 1887 sensum
927 1833 1091 1906 adscriptum
1107 1835 1170 1888 init:

70 1915 132 1966 Iam
149 1920 203 1966 tam
219 1915 316 1966 reddite
331 1913 558 1982 raapeflagitcntt
585 1910 618 1964 V·
635 1928 672 1972 ει,
683 1911 791 1966 aenum
808 1917 891 1964 sinum
902 1911 970 1964 Stat.

57 2096 165 2175 sessus
190 2091 411 2178 quaeritando,
441 2111 588 2174 marquom

69 2177 189 2236 invenio
233 2177 426 2235 Naucratem.
462 2195 522 2254 qno
556 2173 588 2232 in

69 2257 141 2318 loco
176 2255 320 2330 observa,
362 2258 395 2316 in
431 2255 588 2314 medicinis

71 2337 183 2398 eodem
196 2336 287 2398 modo
301 2347 333 2396 ut
351 2359 379 2396 v.
399 2337 469 2410 lin
482 2335 590 2396 libellis

68 2419 188 2480 dictum
214 2438 277 2480 esse
303 2415 341 2478 de
360 2416 510 2493 tabernis,
537 2413 590 2476 ubi

68 2499 224 2562 medicina
242 2497 392 2561 venditur.

111 2583 154 2642 V.
183 2603 211 2663 7.
234 2580 347 2663 prendi
372 2579 402 2640 h.
428 2599 454 2640 e.
479 2577 592 2660 rogavi.

67 2661 220 2744 prendat
238 2661 367 2742 aliquem
379 2659 530 2742 eleganter
542 2658 594 2719 di·

71 2744 170 2818 citur,
203 2743 256 2826 qui
285 2741 414 2824 aliquem
445 2739 593 2823 prehensa

71 2845 167 2884 manu
194 2830 295 2905 rogat,
332 2822 379 2884 vel
405 2823 437 2882 in
463 2823 510 2883 via
536 2821 595 2882 sibi

71 2915 287 2966 occurrentem
327 2901 469 2986 colloquii
507 2923 595 2964 cauea

73 2985 200 3048 seducit.
215 2988 340 3047 Terent.
351 2986 473 3047 Phorm.
485 2983 548 3056 IV,
562 2984 594 3057 3,

77 3069 125 3128 15.
159 3067 281 3128 Prendo
310 3069 460 3127 boneium
489 3065 595 3124 solnm.

73 3149 139 3208 Cic.
161 3147 199 3208 ad
220 3148 290 3210 Div.
310 3148 407 3221 VIII,
438 3170 482 3208 ιι.
498 3168 597 3239 pren-

73 3230 179 3290 dimas
197 3251 280 3301 eum,
302 3227 333 3288 h.
355 3249 384 3288 a·
403 3247 582 3309 rogavimus.

116 3311 159 3370 V.
181 3311 210 3372 8.
232 3310 312 3392 Quas
327 3311 407 3372 vultu
421 3309 484 3369 υἰᾰί
497 3322 596 3370 tamen

73 3411 196 3464 sereno,
220 3389 249 3450 ln
270 3411 295 3451 e.
317 3389 379 3451 illas
398 3400 498 3451 tamen
512 3410 599 3472 prae-

74 3472 186 3554 cipue,
215 3493 288 3569 quaa
316 3471 433 3534 vultum
458 3491 599 3532 serenum

74 3573 151 3634 prae
171 3574 203 3614 ee
223 3559 303 3614 terre
323 3553 461 3612 videbam
481 3552 528 3614 vel
553 3551 599 3612 his

74 3633 195 3709 verbis,
223 3643 256 3694 ut
276 3643 305 3693 te
325 3633 401 3694 mibi
421 3633 600 3707 redderent,

74 3715 243 3796 impensius
258 3715 416 3796 rogabam,
434 3718 490 3776 lios
504 3728 532 3774 te
532 3715 602 3796 fla-

73 3797 212 3878 gitabam
255 3817 292 3857 ro
311 3793 427 3878 vulgari
445 3797 484 3856 ab
502 3797 549 3854 bis
573 3809 602 3855 te

61 3879 207 3960 flagita
249 3878 357 3940 basele
369 3893 396 3938 te
396 3877 599 3960 flagitabam,

217 3979 264 4018 am
274 3969 304 4022 et
313 3959 401 4020 huius
411 3959 538 4031 formae,
549 3955 603 4016 nbi

103 4039 202 4100 nobee
211 4037 604 4182 memtiriqstwitamiun·

79 4121 181 4204 gitiu,
194 4143 263 4184 usus
273 4142 362 4182 nona
383 4141 419 4184 eo
430 4121 604 4203 infrequens

121 4285 163 4344 V.
192 4305 236 4346 ιο.
261 4285 433 4346 corner-imre
452 4281 604 4346 nribiele-

184 4393 325 4470 Ceret..
344 4395 464 4468 Carm.

653 2101 759 2174 genter
791 2091 828 2154 ad
859 2095 1092 2175 exprimendum
1124 2096 1175 2158 lo-

652 2175 764 2256 quendi
784 2197 872 2234 neum
892 2195 930 2236 ex
942 2178 1002 2238 vita
1015 2180 1169 2238 communi

652 2256 789 2338 petitum,
799 2257 942 2318 reticetur
953 2257 1088 2318 eiusmod
1100 2260 1175 2322 ifere

653 2337 793 2402 verbum:
813 2338 946 2411 reddite,
962 2339 1111 2413 bedicate,
1125 2341 1175 2398 ubi

653 2421 701 2480 sit.
714 2417 866 2500 Spondaei
874 2418 942 2480 loco
952 2419 984 2479 in
994 2422 1095 2502 prima
1103 2419 1173 2482 sede

654 2497 742 2559 buius
755 2519 856 2562 versus
872 2501 1057 2562 esttribrncb
1079 2523 1101 2562 ε.
1107 2523 1174 2585 pes·

653 2583 748 2641 almae
758 2582 877 2664 puellae
890 2579 1013 2655 blande,
1032 2523 1173 2665 cllsupra

655 2661 755 2723 carm.
777 2662 931 2736 XXXVI,
951 2686 979 2724 v.
999 2683 1029 2741 9.

697 2743 737 2803 V.
752 2765 796 2802 ιι.
806 2743 920 2804 medum
926 2745 1024 2804 sinum
1031 2743 1176 2804 reducens

655 2821 687 2883 h.
711 2843 737 2882 e.
763 2823 886 2886 reducta
910 2833 990 2884 veste
1010 2824 1109 2884 sinum
1130 2823 1176 2884 vel

657 2925 817 2964 mammam
843 2901 973 2976 nudans,
1005 2924 1178 2984 expressum

658 2993 704 3046 est
721 2985 799 3048 illud
820 2984 1032 3058 Ilourericnm,
1053 2984 1104 3044 ubi
1118 2985 1179 3044 IIe·

658 3066 751 3141 euba,
782 3068 921 3128 Hectoris
951 3066 1084 3126 ferocem
1110 3065 1179 3124 ani-

659 3169 762 3221 mum,
789 3158 822 3207 ut
845 3148 923 3208 intra
943 3145 1061 3208 moenia
1080 3145 1179 3228 potius

659 3247 796 3310 pugnare
810 3239 841 3289 et
855 3227 978 3290 Achillis
987 3247 1180 3310 congressum

660 3309 755 3371 vitare
781 3309 867 3384 velit,
893 3319 1009 3370 exserta
1036 3319 1066 3369 et
1090 3329 1182 3368 mon-

661 3399 750 3452 strata
770 3411 914 3465 mamma,
934 3412 993 3472 qua
1007 3391 1182 3451 insensate

662 3469 825 3534 innutritus
845 3473 898 3548 sit,
918 3471 1039 3532 flectere
1058 3480 1089 3532 et
1102 3469 1182 3530 iran-

664 3571 735 3632 gere
764 3552 901 3628 studens,
931 3553 1058 3614 dieitur:
1092 3557 1180 3608 Κίλκει

664 3633 783 3702 lucaniae,
801 3637 893 3704 leima
912 3641 934 3688 dl
950 3640 1023 3702 μᾳζὲι
1040 3633 1129 3704 ᾆνίεχι.
1143 3631 1183 3687 sl·

663 3734 736 3774 num
750 3713 892 3776 reducere
906 3713 997 3796 Igitur
1010 3711 1125 3772 dictum
1139 3717 1184 3770 est

665 3801 699 3857 ut
714 3810 816 3876 pectus
835 3797 980 3856 diducere
1023 3815 1057 3854 ro
1072 3791 1185 3852 nudare

665 3898 682 3936 a
707 3873 748 3934 ud
768 3875 876 3936 Senes.
898 3877 979 3938 IIerc
1040 3877 1142 3936 Oetae.
1156 3893 1186 3934 r.

669 3897 755 4036 rbbq.
769 3988 820 4002 ·-
836 3959 935 4018 Mater
955 3959 987 4018 in
1007 3957 1117 4016 tectum
1129 3953 1188 4036 su·

665 4061 735 4101 rens
769 4037 905 4098 Deduxit
934 4037 1057 4098 avidum
1083 4050 1187 4118 pectus

665 4136 756 4203 atque
764 4135 846 4182 utero
857 4133 939 4179 tenus
949 4119 1085 4179 Exserta
1092 4129 1189 4177 vastos

668 4204 760 4266 ubera
778 4205 812 4264 in
829 4201 970 4284 planctus
978 4202 1069 4284 serit.

708 4283 748 4346 V.
774 4306 818 4346 ra.
838 4285 871 4344 in
884 4283 976 4346 roseis
986 4278 1123 4367 papillis.
1137 4278 1190 4342 sio

1004 4393 1040 4465 R
