3036 5114
347 391 378 452 X
782 390 1018 449 PRAEFATIO

350 599 529 692 Summi
537 597 728 723 Hastati,
744 597 821 719 qui
832 595 1009 718 cognita
1022 627 1074 709 ac
1087 589 1452 722 prohata‚quam

351 763 579 836 secuturus
611 774 759 858 eram,
794 739 1111 868 interpretandi
1146 744 1343 860 ratione,
1386 743 1449 840 avl

351 887 607 980 inchoatam
636 883 801 979 Catulli
831 884 1074 980 editionem
1102 906 1278 979 strenue
1301 886 1454 979 absol-

352 1031 540 1127 vendam
556 1033 873 1125 humanissime
889 1035 1113 1160 instigavit
1133 1053 1180 1126 et
1203 1037 1315 1129 mira
1335 1069 1454 1160 qua·

354 1180 458 1274 dam
475 1180 702 1272 alacritate
724 1178 921 1307 implevit
936 1183 1150 1274 animum.
1188 1179 1279 1274 Nec
1300 1202 1458 1275 retun-

225 1413 227 1420 Α
354 1331 454 1424 dere
492 1348 678 1421 conatus
719 1309 838 1421 meos
873 1327 940 1420 vel
980 1329 1182 1420 animum
1216 1329 1458 1455 infringere

354 1480 501 1606 potuit
517 1475 771 1569 vociferatio
785 1478 966 1590 eorum,
990 1477 1067 1599 qui
1087 1476 1273 1569 lectione
1288 1475 1460 1569 Catulli

356 1629 530 1720 animos
554 1625 765 1715 iuvenum
792 1621 1019 1750 corrumpi
1048 1641 1094 1714 et
1124 1619 1267 1715 honos
1299 1657 1460 1718 corum

357 1806 501 1866 mores
526 1770 751 1897 depravari
773 1789 960 1894 crepant
987 1791 1034 1862 et
1062 1769 1319 1884 clamitant3
1351 1805 1460 1865 cum

246 2025 251 2034 ⁸
357 1921 423 2012 vel
457 1951 510 2011 ea
538 1916 594 2008 ad
630 1936 884 2044 susceptum
917 1914 1115 2008 laborem
1146 1919 1461 2012 excusandum

358 2063 557 2160 sufficere
588 2063 844 2178 videantur,
886 2093 1000 2190 quae
1039 2065 1132 2156 tani
1166 2071 1380 2195 Heynr'us
1413 2073 1460 2161 in

358 2211 539 2342 praelat.
570 2209 626 2302 ad
650 2207 818 2304 Tibull.
848 2207 950 2303 edit.
978 2211 1145 2336 prima,
1173 2243 1310 2336 quam
1338 2219 1461 2305 Bar-

358 2357 559 2449 tlzinsin
590 2353 861 2482 praefatione
894 2354 951 2446 ad
984 2351 1266 2482 Propertium
1287 2361 1457 2483 egregie

359 2500 427 2592 his
462 2499 781 2592 obiectionibus
814 2499 1166 2628 responderunt,
1205 2521 1250 2594 et
1281 2502 1462 2594 invenes

359 2643 590 2740 Veneram
609 2647 883 2772 politicarum
896 2645 1112 2740 studiosos
1128 2647 1184 2741 ad
1197 2682 1271 2741 eos
1284 2677 1463 2777 quoqne

360 2799 537 2923 politas,
572 2795 648 2921 qui
678 2795 726 2885 in
759 2794 890 2888 rebus
913 2794 1146 2888 levioribus
1168 2817 1212 2889 et
1233 2802 1461 2891 amatoriis

361 2942 590 3066 ingenium
607 2959 919 3056 exercuerunt,
940 2941 1078 3033 animi
1095 2961 1139 3033 et
1156 2939 1461 3036 delectationis

360 3119 493 3180 causa
516 3106 617 3215 post
637 3083 783 3178 studia
813 3087 1011 3211 graviora
1035 3107 1079 3177 et
1099 3087 1310 3179 severiora
1333 3086 1461 3180 lecti·

364 3231 549 3348 tandoS,
575 3234 749 3360 ‘quovis
794 3234 1086 3326 incitamento
1132 3233 1379 3348 allexerunt
1419 3259 1463 3328 et

361 3377 620 3476 incitarunt.
654 3377 857 3502 Quorum
874 3382 1068 3473 virorum
1092 3402 1353 3506 argumenta
1373 3383 1461 3474 nisi

361 3521 636 3616 satisfaciant
654 3525 945 3652 superciliosis
964 3525 1229 3654 quibusdam
1249 3545 1292 3618 et
1311 3559 1462 3654 super·-

342 3665 540 3761 'stitiosis
566 3701 743 3761 morum
761 3673 1036 3788 censoribus3
1060 3707 1137 3800 per
1158 3669 1354 3763 melleet
1372 3667 1464 3764 Ca-

362 3817 522 3911 tullum
544 3838 587 3910 et
609 3841 777 3913 ceteros
801 3825 977 3948 poetas,
1000 3853 1110 3948 quos
1133 3840 1294 3912 vocant
1318 3818 1458 3911 lubri-

361 3998 462 4080 cos,
507 3999 588 4060 ceu
632 3989 798 4097 pestem
843 3967 1122 4063 detestandos
1164 3987 1208 4060 et
1250 3967 1461 4062 Vulcano

361 4117 510 4241 potius
529 4150 665 4240 qnam
681 4121 889 4213 iuvenum
906 4115 1113 4212 manibus
1132 4115 1368 4211 tradendos
1379 4126 1465 4248 pro

362 4265 539 4389 ingenio
562 4280 606 4358 et
625 4301 755 4360 sensu
778 4302 859 4362 suo
882 4285 1115 4378 censeant3
1148 4300 1259 4394 quos
1289 4265 1462 4380 tamen,
