3036 5114
321 327 431 388 XXV!
572 325 708 387 INDEX
727 324 963 386 Enlrlonvu
986 320 1171 386 curvum

326 533 422 619 1604
448 531 531 604 Cat.
541 527 624 602 Tib.
634 532 741 630 Prop.
751 553 782 602 c.
791 526 977 602 variorum
991 530 1186 604 doctorum
1200 532 1431 620 commenti„

498 645 594 719 notis
621 653 659 718 et
683 646 882 719 observati.
901 646 939 718 in
957 670 1075 718 unum
1094 648 1275 748 congestis
1293 673 1360 747 per
1377 648 1435 722 Cl.

504 765 712 854 Moretlum,
731 765 853 835 Lutet.
874 763 896 834 3
914 761 993 834 Vol.
1013 761 1073 835 sol.
1137 763 1293 866 Singulis
1313 763 1438 865 elegiis

503 880 703 982 praemisso
729 881 906 950 contextu
928 875 1172 950 subiiciuntur
1187 885 1297 952 notae
1310 878 1437 976 Cyllea

502 996 572 1084 nii,
598 995 690 1069 Acii.
718 987 844 1082 Statii,
869 993 1026 1084 Mureti,
1044 995 1123 1068 lani
1139 994 1305 1087 Dousae,
1322 996 1438 1069 Scali-

526 1136 589 1185 en.

332 1231 425 1306 1606
453 1138 592 1302 Cagtuui
623 1229 728 1300 casta
754 1223 920 1298 carmina
946 1222 1082 1298 selecta
1108 1251 1131 1299 a
1156 1227 1277 1326 Raph.
1303 1229 1444 1326 Egle'no

346 1389 356 1404 .
502 1340 647 1427 Iconio,
675 1365 708 1412 c.
731 1337 892 1410 eiusdem
909 1335 1072 1410 vindiciis
1092 1339 1185 1412 Ciris
1203 1339 1439 1413 Catullianae

504 1451 678 1525 adversus
695 1453 765 1524 los.
783 1449 1022 1550 scaligerum.
1064 1451 1307 1526 Accesserant
1324 1453 1436 1551 Casp.

507 1566 665 1664 Scioppz'i
690 1565 851 1665 epitheta
878 1571 915 1638 et
941 1589 1146 1662 synonyma
1164 1569 1331 1666 po'e‘tica,
1350 1591 1383 1639 c.
1403 1592 1440 1638 n.

506 1681 669 1756 eiusdem
682 1681 720 1754 in
735 1678 881 1752 Claudii
893 1675 1053 1752 Venderii
1069 1679 1289 1756 censionem.
1325 1682 1442 1754 Fran-

510 1797 579 1872 cos.
599 1825 653 1870 12.
685 1799 866 1869 Numerus
880 1799 1067 1867 castorum
1080 1795 1216 1870 Catull.
1231 1799 1437 1871 carminum

512 1909 618 1984 valde
644 1908 767 2010 augeri
794 1907 937 2006 potuit:
971 1931 1060 1980 nam
1086 1909 1202 1982 editor
1227 1910 1288 1992 vix
1313 1909 1441 2010 viginti

511 2049 665 2096 carmm.
686 2021 866 2121 adposuit.

338 2139 430 2232 1607
461 2137 543 2210 Cat.
557 2135 640 2208 Tib.
652 2138 760 2236 Prop.
773 2159 870 2208 nova
883 2135 968 2207 edit.
981 2134 1051 2207 los.
1068 2132 1230 2234 Scaliger
1241 2135 1438 2208 recensuit:

514 2249 675 2322 eiusdem
699 2249 737 2320 iu
764 2249 910 2322 eosdem
928 2249 1211 2350 castigationum
1228 2247 1289 2320 lib.
1309 2254 1443 2320 auctus

511 2372 548 2439 et
560 2364 770 2466 recognitus
784 2365 831 2438 ab
846 2366 925 2468 ipso
940 2371 1102 2438 auctore.
1138 2361 1357 2438 Excudebat
1367 2366 1443 2436 Iac.

513 2480 631 2550 Stoe‘r.
646 2477 762 2579 Lugd.
776 2484 836 2565 24.
862 2481 966 2551 Mera
979 2485 1035 2552 est
1047 2477 1215 2578 repetitio
1230 2475 1314 2550 edit.
1334 2476 1443 2549 1600.

338 2651 435 2668 -..-
467 2593 551 2668 Cal.
571 2593 653 2664 Tib.
672 2593 780 2693 Prop.
806 2594 903 2692 Opp.
930 2619 1025 2691 quae
1052 2599 1198 2667 exstant
1224 2593 1371 2682 omnia,
1398 2593 1449 2666 ad

512 2705 694 2780 vetustiss.
713 2705 793 2778 cod.
812 2704 985 2780 Bibliolh.
1003 2709 1077 2780 lac.
1100 2705 1266 2780 Grasseri
1290 2705 1448 2780 fideliter

514 2821 622 2895 edita.
706 2821 850 2914 Qubus
876 2823 1057 2897 accedunt
1082 2823 1124 2896 C.
1151 2821 1247 2898 Galli
1274 2823 1448 2926 fragium.

514 2941 570 3012 Lu
597 2937 710 3010 d.12.

295 3149 297 3156 Ι
342 3049 437 3148 1608
464 3053 515 3126 lo.
524 2964 724 3125 Paisoula·
735 3049 960 3125 Commentt.
973 3050 1011 3126 in
1025 3051 1108 3126 Cat.
1119 3051 1201 3126 Tib.
1211 3057 1319 3154 Ptop.
1331 3052 1448 3125 Paris.

517 3192 576 3266 ap.
604 3163 659 3236 Cl
686 3163 902 3257 Moretlum,
929 3164 990 3237 fol
1047 3165 1343 3240 Praemittuntur
1369 3165 1450 3264 ipsa

515 3285 712 3379 poetarum
725 3277 840 3351 verba
853 3303 898 3351 ex
912 3279 1044 3382 Scalig.
1059 3306 1198 3354 recens.
1236 3279 1453 3380 Sequuntur

517 3397 710 3471 Passeratii
729 3395 993 3495 praelectiones
1011 3421 1076 3471 seu
1092 3405 1215 3471 notae.
1442 3437 1448 3444 ·

340 3559 437 3582 ...-
459 3511 556 3611 Qip.
575 3509 659 3582 Cat.
678 3507 761 3581 Tib.
779 3511 887 3610 Prop.
904 3515 941 3582 et
958 3509 1070 3582 Corn.
1088 3509 1208 3599 Galli,
1236 3509 1310 3582 sive
1327 3509 1452 3582 Maxi-

518 3621 632 3695 miani
647 3624 781 3724 polius.
810 3621 907 3695 Cum
920 3623 1036 3696 indice
1051 3623 1180 3695 Horat
1196 3623 1453 3696 Tuscauellae.

520 3733 642 3808 Editio
657 3735 800 3808 auctior
812 3736 961 3836 insuper
973 3739 1155 3836 poematis
1174 3737 1336 3834 aliquot,
1356 3762 1455 3834 quae

520 3873 603 3922 vere
629 3849 740 3922 Corn.
766 3848 874 3921 Galli.
920 3849 1130 3942 llanoviae,
1158 3847 1255 3949 typis
1281 3847 1456 3920 Wecliel.

380 4057 382 4062 Ι
516 3987 575 4064 ap.
594 3963 651 4036 Cl
670 3963 858 4036 Marnium
882 3969 919 4036 et
938 3965 1080 4038 henlo.
1121 3963 1271 4053 Auru,
1300 3961 1335 4035 8.
1388 3965 1457 4036 Est

516 4081 683 4179 repetitio
697 4079 875 4180 pessimae
894 4079 1003 4153 Basil.
1024 4079 1119 4156 1530
1143 4107 1175 4155 c.
1193 4081 1285 4154 Hor.
1312 4081 1459 4153 Tusca-

518 4193 635 4268 nellae
654 4195 785 4271 indice.
1083 4199 1087 4212 “

351 4305 445 4380 ιδιο
471 4305 526 4378 Ex
546 4307 629 4378 Tib.
647 4311 684 4379 et
701 4309 807 4425 Prop.
826 4288 1002 4410 Elegiae,¹
1014 4335 1059 4382 ex
1077 4268 1248 4398 Catullo,
1267 4305 1457 4399 Martiale,
