3036 5114
193 328 197 336 ’
315 325 418 398 xnvr
578 330 634 396 oa
668 333 707 396 c.
743 333 925 392 ruarmo
960 333 1154 392 curvato

580 643 679 720 Idem
695 645 753 718 It'b.
770 643 843 720 eod.
860 645 949 746 eleg.
970 645 1015 716 25
1036 671 1066 720 v.
1087 645 1148 738 87.

317 817 418 890 Haec
435 837 581 914 quoque
599 813 722 888 lascivi
739 817 936 885 cantarunt
953 813 1088 911 scripta
1107 815 1264 908 Caattt,

364 929 510 1018 Lesbia,
528 927 629 1026 queis
646 929 725 1027 ipsa
741 926 862 998 notior
879 932 934 998 est
950 924 1102 1000 Helena.

332 1153 337 1162 “
483 1176 629 1253 oaaa
645 1176 702 1249 aa.
722 1177 744 1250 3
761 1175 935 1248 Amorum
952 1175 1080 1276 roga
1098 1201 1120 1274 9
1139 1203 1171 1252 v.
1188 1179 1250 1252 o.

192 1391 195 1396 ·
316 1345 456 1426 Obvius
472 1343 557 1416 huic
574 1343 718 1432 veniam
734 1343 868 1420 hedera
883 1343 1055 1420 iuvenilia
1071 1346 1213 1420 cinctus

366 1463 571 1562 Tempora,
588 1485 674 1534 cum
690 1459 823 1548 Calvo,
841 1461 944 1534 docte
960 1459 1115 1550 Catulle,
1131 1465 1209 1533 tuo.

584 1709 683 1785 Idem
699 1711 786 1785 It'bro
802 1709 877 1784 eod.
895 1712 985 1810 eleg.
1008 1709 1050 1782 15
1069 1736 1101 1787 ν.
1121 1731 1155 1803 7.

316 1881 471 1956 Mantua
488 1877 634 1980 Virgilio
650 1878 804 1979 gaudet,
821 1881 965 1952 Verona
982 1879 1129 1954 Catulla.

576 2127 674 2218 idern
692 2129 752 2202 ttb.
771 2153 792 2200 2
817 2127 1010 2219 Trtstr'um,
1026 2089 1058 2205 tt.
1078 2093 1164 2226 tay.

316 2300 377 2375 Sic
394 2324 461 2373 sua
479 2298 614 2372 lascivo
632 2305 782 2372 cantata
800 2305 856 2371 est
873 2323 980 2398 saepe
999 2299 1157 2382 Catulla,

369 2415 538 2502 Femina,
558 2415 619 2486 cui
638 2413 769 2485 falsum
786 2397 913 2486 Lefsbta
931 2439 1065 2486 nomen
1083 2419 1172 2486 erat.

318 2535 393 2606 Nec
410 2535 603 2603 contentus
619 2553 683 2615 ea,
701 2527 835 2600 multos
852 2527 1014 2628 vulgavit
1031 2555 1192 2619 amores,

368 2645 412 2715 tn
428 2642 561 2742 quibus
576 2642 653 2742 ipse
671 2666 780 2715 suurn
795 2642 911 2716 fassus
929 2642 1150 2716 adulterium
1167 2649 1233 2718 est.

379 2893 530 2969 Velleius
547 2891 758 2966 Paterentur
775 2891 956 2966 Historiae
972 2893 1076 2966 liam.
1092 2893 1151 2966 tta
1168 2911 1191 2966 a
1210 2919 1288 2990 cap.
1308 2887 1368 2967 36.

370 3063 460 3154 Quis
485 3062 582 3136 enim
608 3063 775 3163 ignorat,
802 3062 974 3135 diremtos
996 3061 1169 3170 gradibus
1196 3061 1326 3134 aetatis
1353 3059 1422 3134 flo-

319 3179 435 3254 ruisse
453 3179 523 3250 troc
539 3183 703 3278 tempore
721 3177 956 3266 Ciceronem,
982 3178 1220 3280 Hortensium
1238 3217 1270 3228 -
1289 3217 1321 3228 -
1339 3219 1371 3230 -
1391 3221 1423 3232 -

321 3335 353 3346 —
371 3333 402 3342 —
420 3299 660 3391 auctoresque
678 3292 882 3364 carminum
899 3295 1101 3366 Varronem
1119 3319 1164 3366 ac
1179 3293 1422 3377 Lucretium,

318 3433 436 3506 neque
467 3408 542 3482 ullo
569 3409 607 3481 in
636 3407 795 3506 suscepti
822 3407 940 3508 operis
968 3408 1027 3482 sui
1053 3410 1214 3484 carmine
1241 3411 1425 3484 minorem

318 3522 496 3594 Catullum
509 3523 530 3592 j>

526 3771 579 3848 M·
595 3769 726 3846 Seneca
743 3772 878 3846 Rhetor
895 3773 1140 3848 Controversia
1163 3797 1217 3870 ¹9·

366 3939 457 4014 Erat
473 3939 568 4012 enim
586 3939 763 4040 (Calvus)
781 3942 958 4043 parvulus
976 3947 1137 4028 statura3
1155 3946 1304 4042 propter
1323 3943 1423 4039 quod

317 4051 429 4124 etiam
449 4053 607 4127 Catullus
626 4055 662 4127 in
680 4055 1003 4156 Hendecasyttabis
1021 4061 1130 4131 vocat
1149 4053 1254 4129 ittam
1276 4055 1422 4152 salapur

317 4173 408 4242 tiam
425 4169 607 4243 datarium.
694 4251 699 4258 ,
1124 4185 1127 4192 ’

266 4319 269 4325 ·
370 4297 462 4392 (vid.
481 4323 622 4374 carmen
640 4299 778 4374 Catulli
796 4303 879 4399 ⁵3.)
