3036 5114
382 619 800 736 PRAEFATIO

294 849 432 930 rull).
465 857 605 932 GVIL.
634 859 887 960 DQERlNG.

41 1255 337 1462 prodeunti
356 1356 464 1448 mihi
494 1376 599 1449 ante
631 1353 783 1449 decem
812 1383 953 1450 annos
981 1391 1039 1454 ex
1068 1356 1149 1452 di-·

39 1505 248 1634 sciplina,
266 1537 354 1628 qua
372 1504 419 1594 in
439 1502 586 1594 schola
607 1499 807 1595 Portensi
825 1535 930 1594 usus
947 1501 1137 1622 sueram,

39 1688 148 1747 cum
179 1653 323 1744 variae
358 1683 439 1740 nec
469 1683 544 1743 eae
571 1649 828 1752 inhonestae
845 1695 861 1765 ,·
891 1650 1050 1776 quibus
1082 1652 1138 1744 ad

38 1800 262 1928 specimen
286 1795 465 1923 aliquod
498 1794 705 1890 collectae
728 1796 838 1888 mihi
861 1796 1138 1923 supellectilis

40 1945 278 2038 litterariae
315 1939 534 2034 edendum
567 1941 834 2069 impellerer,
873 1972 1032 2031 causae
1065 1974 1140 2033 οε-

40 2107 295 2201 currerent3
328 2089 503 2178 animus
525 2119 673 2199 meus,
702 2118 836 2211 quem
860 2083 1138 2212 Praeceptori

39 2258 275 2330 aeternum
297 2236 405 2327 milri
440 2231 689 2326 venerando
720 2231 786 2326 Cl.
809 2237 1019 2351 Barcaeo,
1049 2233 1133 2325 lle·

39 2385 152 2477 ctori
193 2416 316 2474 nunc
354 2379 528 2473 scholae
571 2379 793 2473 Portensis
832 2384 1138 2499 meritissimo,
1264 2501 1266 2506 ,

39 2529 359 2660 patefeceram,
403 2527 599 2621 eiusdem
632 2561 764 2620 suasu
793 2551 837 2621 et
865 2551 979 2622 nutu
1006 2530 1138 2623 indu·

40 2701 136 2773 ctus
151 2699 197 2770 et
216 2678 452 2770 inclinatus
468 2696 534 2767 est
555 2709 632 2786 eo,
657 2698 706 2768 ut
723 2679 919 2794 Cuculli,
942 2712 1139 2804 quocum
1177 2707 1185 2722 '

42 2829 129 2918 iam
143 2848 243 2917 turn
258 2842 426 2915 arctam
448 2819 792 2915 familiaritatem
808 2842 1138 2940 contraxeram,

42 2973 404 3102 Epithalamium
443 2973 571 3066 Pelei
605 2992 649 3062 ct
693 2970 903 3063 tuendos
914 3045 927 3088 ‚
974 2974 1139 3067 notulis

43 3121 150 3212 meis
190 3120 482 3231 instructum,
520 3114 685 3242 publici
705 3113 810 3244 iuris
839 3113 1054 3232 lacerem,
1095 3138 1139 3209 et

42 3285 223 3391 captum
236 3261 367 3355 simul
382 3258 800 3388 novamaliquando
819 3263 954 3352 totius
972 3261 1139 3354 Catulli

45 3408 291 3503 adornandi
324 3409 561 3500 editionem
583 3410 816 3504 consilium
836 3443 1138 3537 proponerem.

44 3557 91 3650 ln
109 3591 202 3686 quo
217 3551 396 3684 quidem
413 3554 693 3682 exsequendo
710 3559 894 3652 consilio
913 3577 1004 3648 non
1027 3571 1137 3650 con·

44 3705 254 3798 firmabat
292 3703 434 3796 solum
474 3704 563 3794 iam
603 3724 725 3818 tum,
768 3737 872 3796 cum
908 3705 1139 3796 iuvenilem

45 3857 176 3947 istum
194 3853 392 3947 laborem
411 3855 559 3980 aequis
576 3873 620 3944 et
636 3851 802 3945 idoneis
817 3851 976 3942 harum
993 3885 1140 3944 rerum

47 4003 221 4094 arbitris
259 4001 376 4092 haud
412 3999 682 4127 displicuisse
717 3999 1027 4124 intelligerem,
1065 3999 1142 4094 sed

49 4145 283 4240 accedebat
318 4162 498 4269 ‘quoque
544 4143 702 4236 deinde
746 4147 985 4238 auctoritas
1034 4147 1143 4261 viri,

47 4299 171 4388 cuius
196 4294 436 4419 plurimum
460 4294 508 4384 in
531 4291 598 4385 his
619 4293 749 4386 rebus
766 4293 881 4387 valet
904 4292 1141 4410 iudicium,

145 4451 290 4524 CATUL.
317 4451 436 4524 Germ·
948 4453 974 4529 b
