<?xml version="1.0" encoding="UTF-8"?>
<!DOCTYPE html PUBLIC "-//W3C//DTD XHTML 1.0 Transitional//EN"
    "http://www.w3.org/TR/xhtml1/DTD/xhtml1-transitional.dtd">
<html xmlns="http://www.w3.org/1999/xhtml" xml:lang="en" lang="en">
 <head>
  <title>
</title>
<meta http-equiv="Content-Type" content="text/html;charset=utf-8" />
  <meta name='ocr-system' content='tesseract 3.04.00' />
  <meta name='ocr-capabilities' content='ocr_page ocr_carea ocr_par ocr_line ocrx_word'/>
</head>
<body>
  <div class='ocr_page' id='page_1' title='image "./cvaleriicatulli03catugoog_0007.png"; bbox 0 0 3036 5114; ppageno 0'>
   <div class='ocr_carea' id='block_1_1' title="bbox 345 361 389 424">
    <p class='ocr_par' dir='ltr' id='par_1_1' title="bbox 345 361 389 424">
     <span class='ocr_line' id='line_1_1' title="bbox 345 361 389 424; baseline -0.045 0"><span class='ocrx_word' id='word_1_1' title='bbox 345 361 389 424; x_wconf 67' lang='lat' dir='ltr'><strong>l!</strong></span> 
     </span>
    </p>
   </div>
   <div class='ocr_carea' id='block_1_2' title="bbox 197 588 1516 922">
    <p class='ocr_par' dir='ltr' id='par_1_2' title="bbox 197 588 1516 922">
     <span class='ocr_line' id='line_1_2' title="bbox 344 588 1446 742; baseline -0.007 -41"><span class='ocrx_word' id='word_1_2' title='bbox 344 623 488 714; x_wconf 77' lang='lat' dir='ltr'><strong>tum,</strong></span> <span class='ocrx_word' id='word_1_3' title='bbox 513 605 703 742; x_wconf 66' lang='lat' dir='ltr'><strong>poetae</strong></span> <span class='ocrx_word' id='word_1_4' title='bbox 727 593 883 738; x_wconf 88' lang='lat' dir='ltr'><strong>quasi</strong></span> <span class='ocrx_word' id='word_1_5' title='bbox 914 591 1171 698; x_wconf 88' lang='lat' dir='ltr'><strong>comitem</strong></span> <span class='ocrx_word' id='word_1_6' title='bbox 1194 588 1446 710; x_wconf 86' lang='lat' dir='ltr'><strong>adiunxi,</strong></span> 
     </span>
     <span class='ocr_line' id='line_1_3' title="bbox 197 771 1516 922; baseline -0.006 -39"><span class='ocrx_word' id='word_1_7' title='bbox 197 837 204 848; x_wconf 94' lang='lat'><strong>·</strong></span> <span class='ocrx_word' id='word_1_8' title='bbox 345 817 458 922; x_wconf 89' lang='lat' dir='ltr'><strong>quo</strong></span> <span class='ocrx_word' id='word_1_9' title='bbox 493 775 798 884; x_wconf 86' lang='lat' dir='ltr'><strong>uberiorem</strong></span> <span class='ocrx_word' id='word_1_10' title='bbox 841 775 900 880; x_wconf 92' lang='lat' dir='ltr'><strong>in</strong></span> <span class='ocrx_word' id='word_1_11' title='bbox 942 774 1169 922; x_wconf 83' lang='lat' dir='ltr'><strong>legendo</strong></span> <span class='ocrx_word' id='word_1_12' title='bbox 1205 771 1449 877; x_wconf 85' lang='lat' dir='ltr'><strong>fructum</strong></span> <span class='ocrx_word' id='word_1_13' title='bbox 1515 805 1516 876; x_wconf 85' lang='lat'><em>3</em></span> 
     </span>
    </p>
   </div>
   <div class='ocr_carea' id='block_1_3' title="bbox 260 959 1496 4406">
    <p class='ocr_par' dir='ltr' id='par_1_3' title="bbox 260 959 1449 3869">
     <span class='ocr_line' id='line_1_4' title="bbox 346 959 1444 1109; baseline -0.004 -39"><span class='ocrx_word' id='word_1_14' title='bbox 346 995 402 1072; x_wconf 88' lang='lat' dir='ltr'><strong>et</strong></span> <span class='ocrx_word' id='word_1_15' title='bbox 421 964 754 1109; x_wconf 80' lang='lat' dir='ltr'><strong>voluptatem</strong></span> <span class='ocrx_word' id='word_1_16' title='bbox 773 962 1088 1109; x_wconf 85' lang='lat' dir='ltr'><strong>perciperes.</strong></span> <span class='ocrx_word' id='word_1_17' title='bbox 1117 959 1444 1066; x_wconf 85' lang='lat' dir='ltr'><strong>Guillelmus</strong></span> 
     </span>
     <span class='ocr_line' id='line_1_5' title="bbox 343 1147 1442 1299; baseline -0.007 -39"><span class='ocrx_word' id='word_1_18' title='bbox 343 1152 664 1299; x_wconf 83' lang='lat' dir='ltr'><strong>Doeringius</strong></span> <span class='ocrx_word' id='word_1_19' title='bbox 700 1151 747 1256; x_wconf 92' lang='lat' dir='ltr'><strong>is</strong></span> <span class='ocrx_word' id='word_1_20' title='bbox 785 1176 894 1272; x_wconf 82' lang='lat' dir='ltr'><strong>est,</strong></span> <span class='ocrx_word' id='word_1_21' title='bbox 939 1149 1037 1294; x_wconf 90' lang='lat' dir='ltr'><strong>qui</strong></span> <span class='ocrx_word' id='word_1_22' title='bbox 1080 1175 1203 1293; x_wconf 89' lang='lat' dir='ltr'><strong>post</strong></span> <span class='ocrx_word' id='word_1_23' title='bbox 1240 1147 1442 1253; x_wconf 88' lang='lat' dir='ltr'><strong>multos</strong></span> 
     </span>
     <span class='ocr_line' id='line_1_6' title="bbox 341 1332 1443 1480; baseline -0.005 -38"><span class='ocrx_word' id='word_1_24' title='bbox 341 1335 500 1456; x_wconf 78' lang='lat' dir='ltr'><strong>alios,</strong></span> <span class='ocrx_word' id='word_1_25' title='bbox 537 1332 1052 1480; x_wconf 77' lang='lat' dir='ltr'><strong>praestantissimam</strong></span> <span class='ocrx_word' id='word_1_26' title='bbox 1088 1369 1309 1478; x_wconf 79' lang='lat' dir='ltr'><strong>operam</strong></span> <span class='ocrx_word' id='word_1_27' title='bbox 1339 1332 1443 1438; x_wconf 87' lang='lat' dir='ltr'><strong>Ca-</strong></span> 
     </span>
     <span class='ocr_line' id='line_1_7' title="bbox 340 1515 1444 1662; baseline -0.004 -38"><span class='ocrx_word' id='word_1_28' title='bbox 340 1517 480 1626; x_wconf 87' lang='lat' dir='ltr'><strong>tullo</strong></span> <span class='ocrx_word' id='word_1_29' title='bbox 498 1518 724 1624; x_wconf 83' lang='lat' dir='ltr'><strong>navavit.</strong></span> <span class='ocrx_word' id='word_1_30' title='bbox 747 1516 903 1636; x_wconf 76' lang='lat' dir='ltr'><strong>Nam,</strong></span> <span class='ocrx_word' id='word_1_31' title='bbox 926 1554 1099 1662; x_wconf 91' lang='lat' dir='ltr'><strong>quum</strong></span> <span class='ocrx_word' id='word_1_32' title='bbox 1117 1515 1254 1621; x_wconf 87' lang='lat' dir='ltr'><strong>duae</strong></span> <span class='ocrx_word' id='word_1_33' title='bbox 1274 1515 1444 1620; x_wconf 90' lang='lat' dir='ltr'><strong>omni-</strong></span> 
     </span>
     <span class='ocr_line' id='line_1_8' title="bbox 340 1703 1442 1852; baseline -0.003 -37"><span class='ocrx_word' id='word_1_34' title='bbox 340 1749 412 1815; x_wconf 89' lang='lat' dir='ltr'><strong>no</strong></span> <span class='ocrx_word' id='word_1_35' title='bbox 435 1707 659 1811; x_wconf 81' lang='lat' dir='ltr'><strong>virtutes</strong></span> <span class='ocrx_word' id='word_1_36' title='bbox 681 1703 879 1848; x_wconf 80' lang='lat' dir='ltr'><strong>optimi</strong></span> <span class='ocrx_word' id='word_1_37' title='bbox 899 1703 1136 1811; x_wconf 83' lang='lat' dir='ltr'><strong>Editoris</strong></span> <span class='ocrx_word' id='word_1_38' title='bbox 1155 1705 1285 1826; x_wconf 87' lang='lat' dir='ltr'><strong>sint,</strong></span> <span class='ocrx_word' id='word_1_39' title='bbox 1313 1745 1442 1852; x_wconf 88' lang='lat' dir='ltr'><strong>qua·</strong></span> 
     </span>
     <span class='ocr_line' id='line_1_9' title="bbox 339 1881 1442 2006; baseline -0.002 -14"><span class='ocrx_word' id='word_1_40' title='bbox 339 1921 465 1992; x_wconf 88' lang='lat' dir='ltr'><strong>rum</strong></span> <span class='ocrx_word' id='word_1_41' title='bbox 494 1881 662 1990; x_wconf 81' lang='lat' dir='ltr'><strong>altera</strong></span> <span class='ocrx_word' id='word_1_42' title='bbox 691 1882 749 1987; x_wconf 89' lang='lat' dir='ltr'><strong>in</strong></span> <span class='ocrx_word' id='word_1_43' title='bbox 781 1883 1153 1991; x_wconf 84' lang='lat' dir='ltr'><strong>constituenda</strong></span> <span class='ocrx_word' id='word_1_44' title='bbox 1183 1885 1442 2006; x_wconf 86' lang='lat' dir='ltr'><strong>lectione,</strong></span> 
     </span>
     <span class='ocr_line' id='line_1_10' title="bbox 341 2065 1448 2178; baseline -0.003 0"><span class='ocrx_word' id='word_1_45' title='bbox 341 2071 510 2178; x_wconf 86' lang='lat' dir='ltr'><strong>altera</strong></span> <span class='ocrx_word' id='word_1_46' title='bbox 529 2069 588 2174; x_wconf 89' lang='lat' dir='ltr'><strong>in</strong></span> <span class='ocrx_word' id='word_1_47' title='bbox 606 2065 1014 2174; x_wconf 86' lang='lat' dir='ltr'><strong>obscurioribus</strong></span> <span class='ocrx_word' id='word_1_48' title='bbox 1042 2067 1180 2176; x_wconf 88' lang='lat' dir='ltr'><strong>locis</strong></span> <span class='ocrx_word' id='word_1_49' title='bbox 1206 2069 1448 2177; x_wconf 88' lang='lat' dir='ltr'><strong>dilucide</strong></span> 
     </span>
     <span class='ocr_line' id='line_1_11' title="bbox 337 2247 1445 2394; baseline -0.001 -39"><span class='ocrx_word' id='word_1_50' title='bbox 337 2250 720 2394; x_wconf 81' lang='lat' dir='ltr'><strong>verissimeque</strong></span> <span class='ocrx_word' id='word_1_51' title='bbox 777 2247 1115 2356; x_wconf 84' lang='lat' dir='ltr'><strong>declarandis</strong></span> <span class='ocrx_word' id='word_1_52' title='bbox 1174 2277 1445 2369; x_wconf 80' lang='lat' dir='ltr'><strong>versatur,</strong></span> 
     </span>
     <span class='ocr_line' id='line_1_12' title="bbox 340 2429 1441 2582; baseline -0.001 -38"><span class='ocrx_word' id='word_1_53' title='bbox 340 2465 628 2582; x_wconf 83' lang='lat' dir='ltr'><strong>utramque</strong></span> <span class='ocrx_word' id='word_1_54' title='bbox 665 2434 743 2540; x_wconf 90' lang='lat' dir='ltr'><strong>sic</strong></span> <span class='ocrx_word' id='word_1_55' title='bbox 780 2429 1077 2580; x_wconf 82' lang='lat' dir='ltr'><strong>praestitit,</strong></span> <span class='ocrx_word' id='word_1_56' title='bbox 1114 2466 1176 2543; x_wconf 87' lang='lat' dir='ltr'><strong>ut</strong></span> <span class='ocrx_word' id='word_1_57' title='bbox 1204 2475 1441 2544; x_wconf 85' lang='lat' dir='ltr'><strong>acumen</strong></span> 
     </span>
     <span class='ocr_line' id='line_1_13' title="bbox 339 2619 1444 2742; baseline -0.001 -12"><span class='ocrx_word' id='word_1_58' title='bbox 339 2624 601 2730; x_wconf 78' lang='lat' dir='ltr'><strong>criticum·</strong></span> <span class='ocrx_word' id='word_1_59' title='bbox 618 2619 939 2742; x_wconf 81' lang='lat' dir='ltr'><strong>ostenderet,</strong></span> <span class='ocrx_word' id='word_1_60' title='bbox 970 2647 1024 2725; x_wconf 84' lang='lat' dir='ltr'><strong>et</strong></span> <span class='ocrx_word' id='word_1_61' title='bbox 1055 2621 1113 2726; x_wconf 93' lang='lat' dir='ltr'><strong>in</strong></span> <span class='ocrx_word' id='word_1_62' title='bbox 1140 2621 1306 2728; x_wconf 87' lang='lat' dir='ltr'><strong>ubere</strong></span> <span class='ocrx_word' id='word_1_63' title='bbox 1333 2660 1444 2729; x_wconf 87' lang='lat' dir='ltr'><strong>ma·</strong></span> 
     </span>
     <span class='ocr_line' id='line_1_14' title="bbox 338 2802 1443 2949; baseline 0.001 -38"><span class='ocrx_word' id='word_1_64' title='bbox 338 2803 502 2925; x_wconf 75' lang='lat' dir='ltr'><strong>teria,</strong></span> <span class='ocrx_word' id='word_1_65' title='bbox 536 2805 654 2949; x_wconf 93' lang='lat' dir='ltr'><strong>ipso</strong></span> <span class='ocrx_word' id='word_1_66' title='bbox 680 2802 1201 2912; x_wconf 88' lang='lat' dir='ltr'><strong>animadversionum</strong></span> <span class='ocrx_word' id='word_1_67' title='bbox 1228 2805 1443 2912; x_wconf 87' lang='lat' dir='ltr'><strong>delectu</strong></span> 
     </span>
     <span class='ocr_line' id='line_1_15' title="bbox 338 2986 1449 3134; baseline -0.002 -38"><span class='ocrx_word' id='word_1_68' title='bbox 338 3025 395 3096; x_wconf 90' lang='lat' dir='ltr'><strong>se</strong></span> <span class='ocrx_word' id='word_1_69' title='bbox 424 2987 716 3134; x_wconf 85' lang='lat' dir='ltr'><strong>praecipue</strong></span> <span class='ocrx_word' id='word_1_70' title='bbox 743 2989 1153 3095; x_wconf 89' lang='lat' dir='ltr'><strong>commendaret.</strong></span> <span class='ocrx_word' id='word_1_71' title='bbox 1208 2986 1326 3094; x_wconf 91' lang='lat' dir='ltr'><strong>Hoc</strong></span> <span class='ocrx_word' id='word_1_72' title='bbox 1354 3029 1449 3094; x_wconf 87' lang='lat' dir='ltr'><strong>no·</strong></span> 
     </span>
     <span class='ocr_line' id='line_1_16' title="bbox 337 3171 1449 3321; baseline 0 -39"><span class='ocrx_word' id='word_1_73' title='bbox 337 3177 486 3282; x_wconf 87' lang='lat' dir='ltr'><strong>mine</strong></span> <span class='ocrx_word' id='word_1_74' title='bbox 509 3174 866 3321; x_wconf 84' lang='lat' dir='ltr'><strong>Doeringium</strong></span> <span class='ocrx_word' id='word_1_75' title='bbox 891 3171 1173 3293; x_wconf 79' lang='lat' dir='ltr'><strong>laudabat,</strong></span> <span class='ocrx_word' id='word_1_76' title='bbox 1212 3174 1449 3300; x_wconf 83' lang='lat' dir='ltr'><strong>eximius</strong></span> 
     </span>
     <span class='ocr_line' id='line_1_17' title="bbox 260 3337 1449 3501; baseline -0.003 -35"><span class='ocrx_word' id='word_1_77' title='bbox 260 3337 264 3346; x_wconf 28' lang='lat'><strong>⁴</strong></span> <span class='ocrx_word' id='word_1_78' title='bbox 335 3395 511 3501; x_wconf 87' lang='lat' dir='ltr'><strong>nuper</strong></span> <span class='ocrx_word' id='word_1_79' title='bbox 536 3357 594 3460; x_wconf 89' lang='lat' dir='ltr'><strong>in</strong></span> <span class='ocrx_word' id='word_1_80' title='bbox 618 3356 705 3460; x_wconf 93' lang='lat' dir='ltr'><strong>his</strong></span> <span class='ocrx_word' id='word_1_81' title='bbox 730 3351 962 3477; x_wconf 80' lang='lat' dir='ltr'><strong>artibuS‚</strong></span> <span class='ocrx_word' id='word_1_82' title='bbox 995 3354 1265 3476; x_wconf 77' lang='lat' dir='ltr'><strong>CalusiuS,</strong></span> <span class='ocrx_word' id='word_1_83' title='bbox 1299 3358 1449 3462; x_wconf 87' lang='lat' dir='ltr'><strong>eius-</strong></span> 
     </span>
     <span class='ocr_line' id='line_1_18' title="bbox 334 3537 1449 3688; baseline -0.001 -42"><span class='ocrx_word' id='word_1_84' title='bbox 334 3577 444 3685; x_wconf 73' lang='lat' dir='ltr'><strong>que</strong></span> <span class='ocrx_word' id='word_1_85' title='bbox 464 3537 995 3685; x_wconf 74' lang='lat' dir='ltr'><strong>similes&#39;interpretes</strong></span> <span class='ocrx_word' id='word_1_86' title='bbox 1011 3541 1206 3648; x_wconf 84' lang='lat' dir='ltr'><strong>multis</strong></span> <span class='ocrx_word' id='word_1_87' title='bbox 1222 3539 1449 3688; x_wconf 71' lang='lat' dir='ltr'><strong>scripto-</strong></span> 
     </span>
     <span class='ocr_line' id='line_1_19' title="bbox 333 3719 758 3869; baseline -0.016 -39"><span class='ocrx_word' id='word_1_88' title='bbox 333 3719 495 3830; x_wconf 80' lang='lat' dir='ltr'><strong>ribus</strong></span> <span class='ocrx_word' id='word_1_89' title='bbox 514 3719 758 3869; x_wconf 70' lang='lat' dir='ltr'><strong>optabat.</strong></span> 
     </span>
    </p>

    <p class='ocr_par' dir='ltr' id='par_1_4' title="bbox 333 3901 1496 4406">
     <span class='ocr_line' id='line_1_20' title="bbox 411 3901 1449 4054; baseline 0.002 -44"><span class='ocrx_word' id='word_1_90' title='bbox 411 3903 592 4014; x_wconf 76' lang='lat' dir='ltr'><strong>Multo</strong></span> <span class='ocrx_word' id='word_1_91' title='bbox 625 3934 749 4018; x_wconf 84' lang='lat' dir='ltr'><strong>ante</strong></span> <span class='ocrx_word' id='word_1_92' title='bbox 773 3905 1152 4054; x_wconf 57' lang='lat' dir='ltr'><strong>mariagium,</strong></span> <span class='ocrx_word' id='word_1_93' title='bbox 1187 3901 1449 4017; x_wconf 71' lang='lat' dir='ltr'><strong>ur&#39;caero·</strong></span> 
     </span>
     <span class='ocr_line' id='line_1_21' title="bbox 335 4091 1496 4240; baseline -0.003 -36"><span class='ocrx_word' id='word_1_94' title='bbox 335 4128 423 4204; x_wconf 74' lang='lat' dir='ltr'><strong>ros</strong></span> <span class='ocrx_word' id='word_1_95' title='bbox 441 4091 1266 4240; x_wconf 65' lang='lat' dir='ltr'><strong>ominam‚.dntouiusVulpirrs·‚</strong></span> <span class='ocrx_word' id='word_1_96' title='bbox 1287 4135 1450 4240; x_wconf 85' lang='lat' dir='ltr'><strong>expo·</strong></span> <span class='ocrx_word' id='word_1_97' title='bbox 1495 4171 1496 4174; x_wconf 16' lang='grc' dir='ltr'><strong><em>κ</em></strong></span> 
     </span>
     <span class='ocr_line' id='line_1_22' title="bbox 333 4269 1448 4406; baseline 0.004 -22"><span class='ocrx_word' id='word_1_98' title='bbox 333 4269 619 4390; x_wconf 66' lang='lat' dir='ltr'><strong>mirsam</strong></span> <span class='ocrx_word' id='word_1_99' title='bbox 641 4279 928 4392; x_wconf 67' lang='lat' dir='ltr'><strong>fumum</strong></span> <span class='ocrx_word' id='word_1_100' title='bbox 941 4279 1049 4406; x_wconf 68' lang='lat' dir='ltr'><strong>nir,</strong></span> <span class='ocrx_word' id='word_1_101' title='bbox 1076 4279 1448 4390; x_wconf 75' lang='lat' dir='ltr'><strong>Catullianam</strong></span> 
     </span>
    </p>
   </div>
   <div class='ocr_carea' id='block_1_4' title="bbox 0 0 1522 5114">
    <p class='ocr_par' dir='ltr' id='par_1_5' title="bbox 0 0 1522 5114">
     <span class='ocr_line' id='line_1_23' title="bbox 0 0 1522 5114; baseline 0 5"><span class='ocrx_word' id='word_1_102' title='bbox 0 0 1522 5114; x_wconf 95' lang='lat' dir='ltr'><strong> </strong></span> 
     </span>
    </p>
   </div>
  </div>
 </body>
</html>
