3000 5108
463 259 637 386 c’mnms
669 325 784 385 Lxrv.
1089 297 1175 424 193

118 534 122 545 ’
136 523 212 596 ‘us,
233 519 346 584 deinde
364 519 475 602 reliqui
486 517 534 580 dii
546 531 574 580 et
587 521 695 580 mensis
707 518 892 582 accumbunt.
927 521 969 582 Et
981 520 1031 584 bic
1044 537 1087 584 est
1100 545 1178 598 con7

161 640 209 677 sus
226 617 278 676 ille
297 617 536 696 augustissimis,
558 633 646 696 quem
659 614 813 676 Pindarus
825 616 980 677 celebravit
993 619 1083 680 Nem.
1107 621 1128 680 Ι
1130 623 1162 676 V
1165 659 1177 692 ,

167 750 187 771 ·.
205 705 270 768 irin
288 703 380 782 disc·
400 709 518 784 Pciette)
539 712 639 764 limiti
655 711 737 777 iim.
773 717 823 768 Τιίι
841 711 921 779 iopen
945 720 1051 778 βιιιλῖις
1092 721 1180 772 ssiam

197 809 295 870 ,ι’μινιι,
324 813 393 872 Δῶρι
408 811 448 857 nul
464 801 546 871 spisse
565 804 671 872 igiacum
688 803 708 860 le
725 803 787 869 qim
805 803 877 858 iuni·

237 909 354 978 partes,
370 895 493 976 quaein
512 893 558 954 bis
571 895 684 977 rutptiis
696 915 716 954 a
729 893 868 956 Pindum
890 903 903 968 (
911 896 1001 975 Pytb.
1014 895 1086 970 111,
1114 897 1181 963 158.

243 991 338 1052 Musis
356 1003 388 1062 et
403 992 436 1050 in
449 991 551 1050 veteris
564 988 660 1066 mytbi
672 991 800 1070 vestigiis
813 989 875 1050 diis
888 993 920 1051 in
934 995 1100 1054 universum
1115 995 1176 1053 tri-

152 1122 157 1133 ,
258 1083 343 1168 apud
357 1083 541 1166 Apollodor.
554 1083 628 1157 111,
639 1105 667 1144 c.
683 1081 728 1143 13.
739 1105 773 1165 p.
788 1085 858 1164 259.
873 1087 963 1159 (edit.
984 1089 1105 1170 Heyn'.)
1128 1096 1181 1144 snt

117 1191 159 1242 ,ts
237 1222 239 1229 ,
265 1186 407 1250 buxutum:
424 1185 589 1252 καθύμνησαν,
611 1182 729 1262 egregio
751 1183 866 1244 invento
890 1183 1063 1246 ad‘Parcas
1084 1199 1175 1248 tran-

116 1279 178 1340 stul
248 1308 254 1327 ι
306 1277 361 1336 lus.
401 1274 523 1334 Adsunt
534 1275 628 1355 igitur
638 1274 783 1355 genitales
796 1274 874 1336 deae
887 1277 1119 1359 (cflJSpanbem.
1135 1279 1181 1340 ad

120 1373 160 1430 01
243 1400 249 1421 ι
295 1367 362 1428 .Η.
377 1367 409 1427 in
424 1369 517 1428 Dian.
537 1367 595 1441 aa,
612 1389 645 1449 p.
671 1367 735 1430 185.
749 1367 987 1452 editAErnesti.)
1007 1372 1053 1431 liis
1068 1375 1183 1456 nuptiis

116 1475 147 1523 et
259 1494 265 1513 ι
301 1461 396 1522 soboli
407 1459 750 1541 indeurituraesataiia
770 1464 901 1524 stamina
920 1463 1099 1526 deducentes
1118 1467 1183 1542 by-

120 1573 172 1616 rnr
290 1567 410 1614 canunt.
444 1585 459 1598 ·
474 1553 617 1614 Feceraru
631 1555 686 1614 boc
700 1555 818 1616 Parcae
836 1556 898 1614 iam
913 1558 944 1615 in
960 1557 1039 1616 lovis
1052 1557 1180 1638 nuptiis,

118 1665 151 1712 ut
264 1671 305 1710 ex
318 1649 384 1708 ioco
397 1649 471 1708 satis
484 1647 595 1708 diserto
610 1649 764 1732 Aristopb.
778 1649 850 1710 Avv.
864 1671 890 1710 v.
910 1650 998 1732 1734.
1034 1651 1097 1711 Nec
1110 1654 1181 1711 vitio

164 1790 165 1797 ,
249 1745 425 1824 betpoitae,
448 1743 546 1824 quod,
568 1741 697 1825 quaede
710 1743 833 1804 Acbiiie
851 1743 1070 1816 vaticinantur,
1092 1746 1185 1805 nimis

120 1857 156 1896 ao
242 1838 313 1908 sint,
327 1857 380 1895 nec
393 1838 535 1896 tortuosis
539 1855 604 1918 prc
609 1855 692 1896 rnore
704 1839 913 1898 vaticiniorum
923 1839 1108 1922 anfractibus
1120 1839 1185 1898 im-

116 1931 155 2012 pl
239 1969 248 2002 ,
270 1931 434 2014 praecipue
454 1949 522 1988 curn
546 1931 621 2010 ipsis
643 1929 723 2002 dtis,
738 1930 921 2012 suturarum
948 1951 1048 1990 rerum
1072 1931 1185 2013 optime

263 2023 466 2106 praesentibus
480 2025 553 2084 boec
568 2038 709 2086 canerent
722 2045 839 2084 sorores
841 2025 1010 2107 fatidicae.
1048 2057 1068 2072 -
1083 2027 1182 2086 Finito

249 2136 302 2178 aeo
325 2131 353 2176 et
376 2135 497 2177 carmen
522 2117 617 2201 finire
640 2131 760 2200 poterat
779 2123 889 2201 poita,
918 2118 972 2178 sed
996 2121 1114 2200 egregie
1138 2118 1184 2184 nd

122 2233 140 2270 c
234 2213 288 2271 dos
308 2214 450 2274 lectorum
475 2215 610 2282 animos,
636 2213 842 2274 suavissimum
861 2221 931 2294 post
950 2225 993 2273 tot
1012 2215 1186 2288 mytborurn

224 2346 227 2353 ,
247 2313 344 2370 ionem
362 2309 478 2371 addere
497 2311 547 2370 illi
555 2310 673 2393 placuit
691 2308 861 2391 epilogum,
882 2309 915 2367 in
927 2329 986 2390 quc
999 2309 1138 2390 quidem,
1159 2309 1187 2366 si

135 2434 139 2449 ·
240 2425 268 2476 s,
278 2405 460 2486 frequenter
479 2403 580 2464 adbuc
594 2417 663 2464 tunc
676 2405 819 2485 temporis
831 2403 904 2462 deos
915 2403 1086 2488 interfuisse
1098 2424 1186 2462 mor·

214 2532 217 2543 ι
248 2497 395 2570 coetibus,
423 2497 578 2557 sceleribus
602 2517 704 2556 eorum
719 2495 853 2556 nondum
874 2495 1039 2568 alienatos,
1056 2493 1185 2579 facilitas

230 2609 248 2648 a
280 2591 353 2648 baec
388 2592 492 2650 omma
522 2591 635 2650 evertite
670 2593 801 2672 potuisse
830 2591 1008 2670 temporibus
1038 2588 1183 2659 beroicis,

210 2683 282 2740 iarn
307 2681 363 2740 sibi
382 2687 572 2765 persuaserit.
602 2711 622 2728 -
640 2684 740 2766 Atque
758 2685 831 2742 baec
850 2695 917 2742 sunt
936 2701 1014 2764 quae
1031 2679 1072 2742 de
1089 2699 1186 2760 argu-

210 2797 229 2833 o
246 2779 387 2859 praesari
405 2779 497 2836 vnum
518 2789 571 2838 est.

218 2883 296 2964 plear
308 2886 340 2943 in
355 2885 571 2966 antiquioribus
584 2897 611 2944 et
625 2884 835 2945 recentioribus
846 2881 930 2943 editt.
943 2881 1029 2942 butu
1041 2881 1187 2944 carminis

230 2977 337 3057 fertur
357 2980 522 3061 inscriptio.
561 2979 653 3038 Prior
672 2991 700 3038 et
718 2979 872 3060 antiqstior
889 2975 947 3036 illa
967 2973 1184 3055 Argonautica,

195 3096 201 3117 ι
231 3069 319 3128 dubie
331 3073 370 3130 ab
383 3073 515 3132 eaeordio
535 3074 679 3132 carminis
698 3069 814 3150 efficta,
836 3071 875 3130 ab
894 3070 1028 3128 universo
1042 3065 1188 3124 carmiru's

243 3177 300 3224 nto
313 3186 405 3246 qnam
426 3170 564 3225 manime
583 3167 740 3239 abhorret,
761 3180 789 3226 et
809 3168 875 3227 iure
894 3165 1056 3244 meritoque
1074 3182 1095 3218 a
1112 3160 1188 3241 pie-

180 3279 230 3325 ¹unc
240 3261 313 3342 scre
332 3262 394 3320 iam
416 3259 470 3320 diu
495 3261 656 3344 repudiata
677 3274 729 3319 est.
771 3293 791 3306 -
804 3261 929 3332 Altera,
952 3273 979 3317 et
1000 3257 1085 3337 vulgo
1107 3275 1186 3314 nursc

175 3384 186 3393 =·
205 3369 324 3436 recepta
343 3356 429 3414 buius
448 3358 592 3415 carminis
610 3356 768 3438 inscriptio
778 3369 839 3414 est:
862 3347 1093 3436 Epithalamium
1106 3349 1188 3411 Pelei

177 3448 338 3522 Thetidos,
357 3471 435 3532 quae
455 3465 555 3510 tamen
573 3463 601 3512 et
620 3453 689 3533 ipsa
709 3451 747 3510 ab
767 3451 823 3521 iis,
845 3453 898 3533 qui
918 3465 1012 3511 totum
1032 3451 1087 3508 boc
1108 3468 1185 3506 car-

175 3561 196 3599 n
222 3541 265 3600 ad
291 3563 429 3603 normam
458 3543 753 3628 Epithalamiorum,
780 3565 859 3624 quae
877 3566 919 3603 ea
938 3543 1116 3622 antiquitate
1142 3535 1188 3597 ad

157 3655 185 3692 ·s
195 3639 396 3719 pervenerint,
418 3640 592 3717 exigerent,
611 3640 730 3718 saepius
748 3639 811 3696 iam
832 3641 1009 3720 impugnata
1030 3649 1058 3694 et
1076 3637 1108 3694 in
1127 3633 1188 3693 di-

175 3733 338 3812 ptationem
360 3745 464 3792 vocata
473 3735 553 3818 suit.
612 3731 673 3792 Sed
695 3733 873 3814 prinsqsmm
901 3747 963 3791 tam
983 3732 1082 3812 ipsam
1102 3730 1190 3788 buius

151 3825 273 3882 rminis
293 3826 515 3907 discriptionem
532 3825 627 3906 piane
646 3827 811 3896 reiicimus,
831 3845 923 3907 quam
938 3836 1031 3882 totam
1046 3821 1190 3882 carminis

151 3950 163 3973 ι
187 3923 333 3980 nomiam
362 3923 474 3980 acriter
492 3941 560 3980 euim
581 3920 651 3980 aliis
670 3919 934 4002 reprebendimus,
960 3917 1000 3979 de
1024 3921 1108 4002 ipso,
1129 3935 1189 3998 quo

136 4013 211 4074 lud
230 4036 250 4074 a
268 4005 359 4097 poita
386 4014 529 4098 scriptum
550 4017 607 4088 sit,
639 4015 763 4075 consilio
781 4015 876 4098 paulo
897 4013 1072 4096 diligentius
1092 4033 1190 4094 quae-

143 4109 258 4170 endum
274 4111 399 4170 videtur.
441 4109 510 4169 Iam
530 4131 597 4168 vero
621 4109 773 4170 Catullum
793 4131 853 4170 non
873 4131 907 4168 eo
927 4109 1053 4169 consilio
1071 4109 1115 4168 ad
1134 4109 1190 4166 lioc

126 4207 323 4268 scribendum
343 4227 466 4266 carmen
485 4207 659 4278 accessisse,
681 4219 713 4265 ut
725 4204 803 4264 nilsii
821 4207 881 4264 nisi
899 4205 983 4265 Pelei
1001 4218 1028 4264 et
1049 4201 1191 4263 Tbetidos

132 4299 367 4382 epithalamium
387 4311 522 4376 caneret,
541 4303 607 4360 cuni
622 4320 664 4360 esc
675 4299 747 4362 aliis
759 4300 871 4375 causis,
895 4311 957 4361 tum
977 4319 1020 4358 ca·
1039 4311 1098 4358 toto
1118 4315 1191 4356 car·

194 4407 334 4482 CATUL.
353 4409 475 4484 Carm.
679 4471 681 4478 ,
965 4407 997 4488 Β
1015 4405 1040 4478 b
1487 4435 1488 4459 ι
