3000 5108
224 271 253 426 ,Ι
300 325 387 399 tao
494 303 499 310 ’
623 325 851 396 (ιιιιιιιιι
886 323 1067 400 σιιιιιι

234 611 240 618 .
330 536 423 595 dnae
441 532 596 615 strophae,
612 550 705 614 quam
721 553 809 594 sensu
827 553 880 594 suo
897 529 1021 606 ductas*
1037 533 1209 618 Sappbieae
1227 525 1399 627 imitationi

334 629 473 694 Catullus
485 627 627 700 addidit,
643 625 1034 712 quaedampraemiserooe
1047 629 1189 712 Proficto
1203 634 1330 692 enimin
1343 634 1400 698 boc

331 724 468 785 carmine
483 719 672 804 explicando
689 719 777 782 multi
791 723 923 802 graviter
938 737 1088 784 errarunt.
1118 723 1169 784 Sia
1192 725 1331 798 Vossius,
1348 729 1402 808 qul

335 814 524 876 Catullum
511 833 544 873 m
564 811 704 874 vertendo
718 803 858 898 Sapphus
877 817 1028 890 carmine,
1050 818 1123 876 otio
1129 819 1162 878 ln
1178 815 1257 878 adeo
1272 821 1356 878 terusi
1371 841 1404 878 ιι

331 912 415 972 abuti
435 909 599 983 nolentem,
620 909 747 991 abrupto
756 908 839 997 filo,
859 911 999 972 ultimam
1018 905 1174 995 stropham
1192 921 1290 976 censet
1303 914 1404 976 addi-

332 1004 432 1072 disse,·
448 1025 491 1064 sto
508 999 580 1076 alii,
599 1025 653 1085 qus
646 1004 727 1064 boc
736 1003 949 1085 sragnscntsun
966 1025 1028 1066 esse
1045 1006 1126 1067 alius
1140 1003 1301 1077 carminis,
1317 1009 1403 1065 estius

331 1103 451 1162 initium
474 1099 669 1208 deperditum
689 1087 746 1176 sit,
768 1101 993 1161 existimarunt.
1042 1097 1142 1161 Haud
1161 1111 1234 1161 raro
1254 1103 1403 1162 nimirum

326 1197 448 1280 sactum
469 1209 526 1267 est,
553 1205 585 1254 ut
603 1195 637 1254 in
653 1191 726 1254 locis
743 1196 902 1277 poitarum
920 1182 1149 1276 pulcherrimis,
1175 1209 1214 1254 ac
1228 1195 1405 1305 praecipue

332 1295 366 1354 in
389 1292 569 1364 amatoriis,
595 1291 628 1352 in
651 1291 756 1373 quibus
783 1290 960 1350 veltunent'es
982 1309 1020 1350 ac
1044 1291 1122 1350 uarii
1150 1289 1274 1349 omnino
1303 1291 1405 1350 animi

332 1398 431 1444 motus
449 1384 588 1467 expressi
607 1397 689 1462 sunt,
718 1381 807 1443 valde
823 1381 1062 1442 allucinamur
1084 1401 1187 1443 aarum
1204 1383 1400 1466 bitu-protes,

332 1496 505 1558 nasumque
517 1476 730 1536 sententtamm
740 1475 864 1558 frustra
882 1488 1072 1558 quaerentes,
1092 1497 1141 1540 sos
1157 1475 1240 1536 locos
1259 1475 1401 1558 velsalso

332 1569 599 1654 reprehenderent,
626 1569 672 1628 vel
695 1571 801 1628 misere
824 1570 984 1628 turbarent.
1017 1568 1085 1650 Qua
1104 1567 1228 1652 qtsidern
1241 1569 1274 1628 ln
1293 1589 1328 1628 rc
1344 1569 1400 1627 in-

331 1665 419 1744 genio
432 1684 486 1724 suo
500 1665 590 1723 rumis
599 1661 760 1722 indulsisse
773 1674 917 1742 magnum
931 1661 1133 1741 Scaligerum,
1146 1659 1191 1721 vel
1204 1681 1248 1722 ex
1260 1661 1324 1720 eius
1341 1673 1405 1720 tra·

334 1759 512 1834 ιἰιιιιίιιιίἱιιιιΙ
521 1760 553 1818 in
573 1757 693 1818 Tibullo
707 1771 735 1816 et
747 1758 906 1839 Propertio
924 1757 1071 1820 audacter
1085 1759 1221 1830 tmtuis,
1236 1759 1312 1820 satis
1325 1777 1403 1818 oon-

334 1864 405 1911 stat.
433 1849 494 1910 Sed
510 1852 589 1910 enim
604 1853 636 1910 in
648 1856 808 1932 poitarum
823 1853 1083 1932 iruerpretatione,
1098 1873 1159 1912 non
1169 1865 1233 1911 tam
1243 1849 1404 1910 doctrinae

334 1945 456 2027 copiam
471 1949 575 2025 (quam
591 1946 657 2025 quis
674 1946 752 2004 ausit
765 1942 915 2024 derogare
922 1943 1093 2027 Scaliger-o,
1113 1946 1219 2004 Vosslo
1233 1935 1405 2026 albsquelj

334 2034 542 2118 quaerendam
562 2054 623 2096 esse
639 2050 731 2120 puto,
753 2059 845 2115 assam
864 2037 900 2097 id
917 2038 1092 2110 nitendum
1113 2040 1190 2098 utin
1204 2059 1310 2098 eorum
1330 2039 1404 2096 ani-⁶

335 2150 419 2190 mum
440 2143 469 2188 et
488 2131 699 2208 cogitationem
715 2132 834 2212 penitus
850 2132 1032 2192 intueamurs
1065 2131 1131 2213 Qso
1144 2133 1228 2191 circa
1241 2129 1312 2189 vs'sie
1324 2147 1401 2211 quae

334 2225 496 2310 praeclare
512 2225 658 2308 disputat
679 2226 729 2286 Cl.
750 2227 860 2303 Heyne
881 2225 926 2286 ad
952 2227 1063 2287 Tibull.
1087 2225 1128 2287 de
1150 2225 1250 2287 codic.
1275 2239 1305 2287 et
1331 2226 1402 2286 edit.

333 2344 369 2406 p.
390 2323 483 2382 XVI.
502 2321 575 2382 edit.
595 2338 697 2382 novae.
727 2353 748 2366 -
776 2321 865 2382 Idem
887 2321 1051 2382 dicendum
1079 2321 1120 2384 sle
1147 2323 1256 2384 abana
1281 2325 1404 2406 stroplsa

337 2420 402 2487 :apl
419 2425 553 2486 :posnan
580 2418 713 2478 carmini
742 2429 844 2478 nostro
872 2415 1003 2488 addita,
1027 2439 1108 2499 qua,
1133 2417 1177 2479 esi
1198 2435 1265 2478 meo
1283 2418 1405 2499 aru'dem

341 2532 449 2583 sensu,
473 2528 588 2591 magna
607 2508 705 2570 eidem
729 2509 864 2590 dignitas
883 2523 911 2568 et
928 2509 1124 2591 pulchritudo
1146 2511 1339 2572 cormiliatur.
1376 2512 1407 2570 Si

339 2605 419 2665 enim
433 2601 683 2686 animofinxeris
699 2601 853 2664 Catullum
868 2603 926 2662 bac
938 2602 1093 2685 Sapphica
1104 2603 1293 2676 imitatione,-
1314 2597 1406 2686 quam

344 2695 390 2757 ad
410 2695 551 2758 lesbiam
571 2696 785 2767 transtulerat,
803 2716 902 2778 paene
920 2696 1076 2770 absoluta,
1097 2698 1208 2758 sen'ote
1227 2715 1306 2756 mos:
1325 2699 1409 2778 cogi-

241 2789 244 2798 '
341 2790 455 2850 tatione
467 2788 617 2860 instituta,
639 2789 774 2870 atque-in
792 2809 823 2848 se
836 2809 1000 2862 reversum,
1015 2791 1049 2849 in
1062 2789 1135 2850 baec
1150 2789 1240 2848 uerba
1256 2791 1406 2870 erupisse:

341 2877 468 2953 otium,
486 2877 621 2954 Catulle,
640 2879 697 2940 tibi
709 2879 868 2942 molestum
882 2890 943 2954 sst3
960 2883 1124 2965 pulchrum
1143 2901 1216 2942 sane
1232 2881 1334 2941 losssm
1352 2883 1411 2940 ba-

343 2975 439 3048 bebis,
460 2995 520 3058 quo
544 2975 642 3037 nescio
661 2995 703 3044 an
728 2975 807 3036 alius
826 2978 865 3037 sit
882 2979 1096 3060 praestantior.
1131 2978 1170 3038 1n
1190 2975 1298 3038 eodem
1315 2980 1411 3038 arsimi

342 3081 434 3141 statu,
460 3088 519 3151 quo
548 3067 624 3128 baec
649 3069 741 3148 verba
761 3071 877 3154 scripta
900 3072 1154 3156 sunt1soriptum
1176 3072 1268 3130 etiam
1293 3069 1413 3130 videtur

345 3164 450 3224 Carm.
478 3161 573 3222 Vm.
603 3161 700 3224 Miser
714 3161 853 3247 Catulle,
876 3163 993 3227 desinas
1020 3164 1165 3248 ineptum
1193 3171 1223 3224 et
1249 3166 1293 3224 sic
1321 3186 1411 3247 saepe

350 3255 436 3342 apud
451 3269 604 3328 amantes,
630 3271 829 3340 repugnantes
845 3259 940 3343 plane
957 3261 1081 3320 invicem
1094 3280 1125 3318 se
1137 3259 1296 3342 excipiunt
1317 3259 1415 3316 animi

344 3367 452 3414 motus.
487 3351 537 3412 Sic
565 3350 701 3412 Tibullus
714 3351 750 3424 1,
773 3343 817 3427 ’4,
849 3353 986 3435 75-81.
1005 3354 1059 3435 qui
1085 3351 1176 3414 modo
1203 3353 1356 3412 iactanter
1382 3375 1412 3412 se

324 3451 505 3537 professus.
513 3451 627 3532 suerat
653 3453 832 3532 magistrum
859 3451 967 3533 spretis
994 3450 1200 3522 amatoribus,
1236 3461 1266 3509 et
1292 3447 1413 3508 cuilibet

341 3565 374 3605 se
399 3543 523 3606 adituro
553 3544 677 3602 Veneris
702 3555 868 3628 praesepta
895 3544 1096 3626 promiserat,
1125 3530 1232 3604 eodem
1258 3555 1411 3601 momento

343 3663 368 3701 v.
402 3639 452 3700 82.
483 3637 557 3724 infr.
576 3639 680 3722 furit,
717 3659 772 3698 noc
803 3637 869 3698 ulla
899 3653 967 3700 arte
982 3635 1287 3698 ¹irulornitoamoris
1304 3637 1417 3720 furori

345 3737 481 3798 resistere
497 3747 604 3817 potest.
631 3733 682 3794 Sic
703 3731 789 3814 apud
812 3735 983 3794 Terentium
1003 3734 1036 3794 in
1055 3725 1216 3806 Eunucba,
1239 3733 1416 3806 Phaedria,

348 3835 381 3898 in
403 3833 487 3892 cuius
507 3829 590 3891 mira
610 3841 677 3888 arte
693 3827 876 3888 adumbrato
897 3829 1071 3890 characters
1084 3831 1336 3896 absolutissimum
1358 3833 1418 3890 vesi

351 3926 499 3985 amatoris
518 3923 606 3982 babes
625 3920 817 4006 exemplum,
841 3919 933 3982 modo
955 3937 1087 3996 aestuat,
1107 3923 1198 3983 modo
1219 3925 1317 3983 animi
1335 3924 1419 3982 mol-

353 4019 448 4079 litiem
468 4021 574 4079 eiicere
594 4028 704 4090 tentat,
729 4017 822 4078 modo
845 4017 890 4078 ud
913 4021 1077 4102 pristinam
1107 4021 1261 4080 insaniam
1287 4017 1380 4079 redit.
1399 4051 1420 4064 -

354 4109 418 4174 Nec
447 4127 546 4175 tamen
578 4115 611 4174 in
641 4133 747 4174 amore
775 4125 891 4176 tantum
925 4115 1074 4174 eiusmodi
1102 4116 1306 4176 conversiones
1332 4113 1420 4196 apud

352 4229 478 4288 magnos
497 4221 524 4268 et
543 4207 656 4286 lyricos
673 4210 838 4297 praecipue
855 4213 962 4290 poe'tus
982 4207 1081 4269 locum
1100 4207 1223 4280 baboni,
1247 4207 1302 4268 sed
1325 4209 1422 4267 etiam

348 4303 381 4360 in
406 4301 576 4362 tractandis
595 4303 666 4361 abis
691 4323 793 4362 rerum
816 4304 1107 4384 argumentis,0cum
1131 4304 1335 4386 gravioribus,
1358 4317 1420 4364 tum
