3000 5108
329 338 418 434 190
653 337 692 396 C.
712 333 882 396 vnuuutt
914 324 1097 396 estvm

660 639 902 717 CARMEN
959 639 1088 712 thv.

326 842 403 906 Cum
413 841 484 914 boc,
499 837 582 924 quod
595 842 739 923 sequitur,
755 860 876 906 carmen
889 840 1039 923 omnium,
1055 859 1133 922 quae
1141 857 1163 898 a
1178 834 1302 898 Catullo
1318 834 1366 897 ad
1378 857 1427 894 nos

363 939 565 1021 pervenerint,
581 937 788 1018 longissimum
802 937 840 996 sit
854 959 890 995 ae
901 928 1154 1018 pulcherrimum,
1177 956 1238 994 non
1251 935 1308 993 nbs
1319 957 1354 992 re
1363 935 1429 992 alie·

364 1049 435 1094 uum
456 1055 517 1092 esse
533 1045 674 1114 putamus
691 1031 785 1113 paulo
807 1031 926 1090 liberius
945 1031 1081 1110 evagari,
1103 1042 1131 1088 et
1151 1029 1191 1090 de
1210 1030 1321 1112 quibus
1342 1030 1427 1088 lector

365 1125 532 1184 nsonendus
546 1146 607 1184 esse
620 1123 751 1195 videtur,
767 1125 816 1184 nte
829 1126 862 1183 in
876 1144 966 1184 uniens
982 1123 1098 1193 locum,
1111 1121 1318 1204 praefationis
1332 1144 1425 1189 more,

366 1239 534 1298 congerere.
575 1217 782 1298 Dispiciamus
793 1219 926 1300 primum
940 1216 980 1276 de
993 1217 1058 1298 ipso
1072 1215 1158 1274 liuius
1172 1215 1323 1272 carminis
1336 1234 1426 1290 argu·

365 1327 479 1385 mento,
495 1315 528 1372 in
541 1333 601 1390 quo
615 1311 737 1396 quidem
751 1311 925 1375 enarrando
940 1313 984 1371 ita
997 1311 1081 1372 nobis
1095 1312 1209 1370 versari
1222 1309 1330 1380 liceat,
1347 1324 1378 1368 ut
1390 1329 1421 1366 ea

366 1405 468 1476 simul,
485 1426 562 1489 quae
572 1404 616 1466 ad
623 1404 878 1487 pulchritudinem
889 1406 976 1465 liuius
986 1404 1130 1467 carminis
1140 1403 1198 1461 rite
1206 1401 1425 1460 aestimandam

361 1503 511 1582 pertinere
530 1499 681 1570 videntur,
702 1499 815 1581 passim
837 1499 1074 1580 adspergamus,
1098 1511 1125 1557 et
1145 1497 1189 1558 ad
1207 1497 1423 1557 observandam

366 1591 551 1672 singularem
562 1591 656 1674 plane
669 1607 781 1664 artem,
797 1614 858 1676 qua
871 1595 903 1652 iu
916 1592 1040 1652 diversis
1045 1589 1167 1676 sabulis
1180 1592 1257 1649 inter
1271 1611 1305 1649 se
1317 1612 1426 1650 conste-

368 1687 484 1747 etendis
497 1709 565 1746 usus
579 1689 617 1745 sit
634 1694 724 1770 poe'ta
739 1689 972 1761 venustissimus,
987 1686 1117 1770 digitum
1132 1685 1339 1750 intendamus.

409 1781 539 1844 Orditur
560 1803 682 1842 carmen
702 1782 739 1840 ab
761 1785 1008 1862 Argonautarum
1031 1781 1234 1864 expeditione.
1288 1781 1426 1840 Nereides

333 1957 335 1964 .
365 1877 402 1938 ab
419 1877 608 1938 insolentiam
622 1877 690 1964 novi
702 1877 826 1956 navigii,
836 1874 1040 1936 admiratione
1050 1877 1217 1959 perculsae,
1230 1877 1329 1937 subito
1343 1900 1427 1936 emer-

364 1987 439 2054 gunt
453 1995 495 2033 ea:
508 1993 651 2055 aequore,
670 1971 827 2050 'ilietisque
836 1983 862 2029 et
873 1970 975 2030 Peleus
986 1983 1087 2032 mutuo
1098 1993 1203 2032 autore
1213 1969 1426 2034 accendimur.

370 2100 391 2112 -
412 2069 493 2125 Mox
507 2067 628 2147 nuptiae
641 2077 847 2144 apparantur,
871 2065 1012 2124 sternitur
1025 2063 1117 2124 lectus
1128 2065 1270 2145 genialis,
1294 2078 1325 2123 et
1347 2069 1426 2124 totius

368 2161 498 2238 regionis
511 2155 628 2216 incolae
640 2155 821 2238 nuptialem,
838 2168 869 2215 ut
871 2155 934 2244 fit,
951 2170 1134 2238 apparatum
1146 2159 1327 2239 spectaturi,
1347 2159 1426 2218 undi-

367 2276 424 2336 que
443 2255 605 2334 confluunt.
660 2251 807 2332 inprimis
826 2249 1031 2312 admiratione
1049 2271 1098 2308 eos
1118 2249 1241 2336 defixos
1254 2265 1337 2311 tenet
1351 2256 1427 2312 vestis

368 2351 442 2410 lecto
453 2347 566 2430 geniali
579 2347 623 2407 vel
631 2347 786 2430 pulvinari
799 2347 943 2420 instrata,
961 2348 1041 2407 mua
1053 2359 1118 2407 arte
1130 2349 1267 2432 consecto
1281 2363 1309 2408 et
1322 2353 1427 2432 priscis

368 2447 521 2506 bominum
542 2445 660 2504 variata
669 2439 796 2529 figuris.
837 2474 858 2486 -
873 2443 937 2505 Hic
956 2457 1060 2526 sponte
1078 2447 1247 2506 accuratius
1266 2447 1326 2510 liae
1344 2451 1429 2528 peri-

333 2595 335 2602 ,
368 2551 483 2598 stroma
501 2543 584 2600 ςωστδν
600 2557 661 2598 urta
670 2555 738 2596 eum
746 2535 933 2595 adstantibus
940 2534 1148 2618 perlustrandi
1155 2539 1186 2596 in
1197 2539 1300 2598 animo
1309 2539 1429 2599 lectoris

368 2631 515 2690 suboritur
524 2627 694 2709 cupiditas,·
705 2629 755 2688 cui
764 2627 886 2710 quidem
896 2643 928 2688 ut
937 2629 1123 2712 satisfaceret
1130 2637 1236 2712 poe'ta,
1252 2635 1429 2714 exemplum

368 2741 487 2794 eonem,
509 2723 562 2802 qui
581 2721 730 2782 eussmodi
742 2735 918 2802 argumenta
932 2725 1054 2782 vestibus
1067 2723 1111 2782 vel
1125 2723 1196 2782 aliis
1208 2724 1292 2784 rebus
1305 2727 1426 2786 iratum

357 2819 462 2908 frisius
481 2837 633 2899 caponere
659 2830 687 2876 et
713 2816 840 2876 verbosis
859 2815 1108 2899 descriptionibus
1134 2839 1286 2878 exornare
1311 2821 1426 2890 solent,

370 2925 483 2972 secutus
497 2924 552 2973 est·
571 2911 642 2982 (Sic
656 2912 776 2972 Iasonis
788 2911 996 2988 chlamydem,
1013 2911 1154 2971 Palladis
1168 2911 1280 2970 donum
1291 2951 1300 2982 ,
1311 2915 1432 2992 magni·

358 3003 427 3096 fiee
440 3005 580 3064 describit
592 3003 737 3088 Apollon.
748 3003 848 3066 Rbod.
863 3005 882 3063 l
888 3045 897 3076 ,
916 3007 973 3082 730
984 3039 1005 3050 -
1016 3005 1064 3064 65.
1077 3005 1118 3088 es.
1132 3003 1241 3082 Heyne
1251 3001 1296 3061 ad
1314 3005 1428 3081 Virgrl.

370 3099 450 3158 Aen.
468 3098 511 3169 V,
527 3121 554 3157 v.
569 3097 627 3158 250
646 3129 665 3142 -
682 3095 730 3178 57.
746 3099 878 3157 Excurs.
892 3097 958 3169 IV,
972 3121 1005 3184 p.
1021 3095 1111 3169 538.)
1141 3129 1162 3141 -
1176 3095 1344 3178 lamfiuge
1359 3100 1426 3164 tibi,

312 3201 314 3208 ’
367 3193 490 3253 adstare
509 3193 577 3252 liiiio
594 3192 747 3276 pulvinari
769 3193 875 3259 ὶξηητῡν
894 3193 1057 3274 quemdam
1075 3193 1119 3252 vel
1138 3193 1354 3273 interpretem,
1378 3197 1429 3272 qm

363 3285 491 3367 populo,
508 3286 588 3344 mira
600 3284 745 3352 aviditate
758 3287 831 3346 baec
845 3290 949 3348 omnia
962 3289 1057 3347 oculs's
1070 3301 1099 3347 et
1111 3287 1214 3346 astimo
1227 3287 1314 3366 quasi
1327 3286 1426 3346 devo-

371 3379 455 3437 ranti
462 3419 472 3450 ,
495 3397 554 3438 non
568 3378 663 3439 solum
677 3401 752 3461 qttas
770 3395 893 3442 textura
906 3383 1025 3446 exbibet
1026 3381 1155 3464 figimus
1167 3391 1195 3438 et
1201 3379 1349 3462 sabulos,
1377 3379 1429 3437 secl

369 3471 556 3552 singularum
570 3473 660 3532 etiam
680 3494 786 3540 causus
798 3489 827 3536 et
839 3490 955 3535 eventus
969 3475 1123 3545 declaret;
1138 3489 1166 3536 et
1182 3477 1252 3534 ltine
1265 3475 1429 3556 explican-

369 3563 444 3628 dum
463 3585 564 3626 censeo
585 3566 664 3626 illud
685 3567 804 3641 ferunt,
824 3569 1002 3651 perhibent,
1028 3583 1057 3629 et
1079 3569 1114 3628 id
1133 3587 1226 3648 genus
1245 3567 1329 3639 alia,
1354 3591 1432 3651 quse

365 3663 482 3750 passim
500 3661 532 3720 in
551 3663 609 3721 leae
629 3665 805 3728 narratione
824 3675 992 3724 occurrunt.
1033 3697 1054 3710 -
1076 3665 1265 3748 Conspicitur
1285 3677 1385 3723 autem
1400 3669 1430 3722 in

370 3754 427 3813 illa
440 3767 514 3814 veste
527 3755 661 3836 stragula
673 3758 806 3840 primum
827 3759 998 3832 Ariadnes,
1019 3781 1036 3820 e
1056 3759 1147 3819 Naxi
1166 3759 1280 3830 littore,
1304 3759 1355 3816 ubi
1375 3761 1431 3816 ilia

369 3847 487 3912 deserta
499 3865 584 3924 erat,
609 3853 752 3912 Theseum
773 3855 805 3913 in
814 3854 900 3942 suga
912 3875 929 3912 e
943 3851 1104 3936 longinum
1118 3853 1213 3914 oculis
1228 3859 1432 3935 persequentis

370 3947 485 4028 egregie
499 3947 681 4007 adumbrata
694 3951 806 4030 imago.
846 3949 961 4009 Misera
977 3950 1080 4032 puella
1094 3951 1125 4009 in
1140 3950 1194 4012 illo
1208 3951 1274 4032 ipso
1289 3957 1431 4032 temporis

369 4037 517 4111 armum,
539 4062 597 4122 quo
617 4043 750 4126 primum
772 4063 876 4104 somno
896 4046 997 4108 excisa
1016 4066 1047 4103 se
1059 4045 1195 4104 relictam
1215 4045 1314 4118 sentit,
1336 4045 1431 4103 oculs.¹

371 4135 403 4196 in
416 4154 520 4196 navem
536 4137 641 4195 Tltesei
648 4137 746 4218 plenis
756 4138 826 4196 velis
837 4138 1004 4199 avolantem
1018 4141 1157 4198 coniectis
1172 4158 1256 4198 saxea
1272 4147 1307 4198 ut
1320 4140 1432 4219 effigies

373 4227 542 4290 bacchantis
552 4234 716 4314 prospicit,
738 4234 837 4290 liceret
851 4235 995 4306 attonita,
1012 4247 1039 4293 et
1052 4235 1165 4313 ingenti
1184 4255 1329 4294 curarum
1347 4252 1432 4295 aestu

360 4326 507 4408 fluctuat.
533 4359 553 4372 -
567 4327 635 4388 lusu
643 4369 653 4402 ,
669 4330 695 4387 si
708 4328 917 4405 observaveris,
929 4349 1093 4398 sermonem
1106 4331 1155 4396 liic
1168 4353 1229 4391 esse
1242 4329 1282 4392 de
1292 4334 1429 4412 picture,
