3000 5108
330 308 437 420 ,¹94
670 320 707 380 c.
730 319 898 378 veisun
931 258 1112 380 cotim

379 539 469 598 asinis
482 535 584 596 babitu
597 545 625 596 et
638 535 761 595 intextis
774 533 956 616 longioribus
968 531 1217 615 digressionibus,
1237 553 1315 616 quas
1323 545 1443 618 ‘requirit

378 634 472 718 plane
490 634 552 691 reri
569 631 759 712 epithalamii
786 629 884 698 rana,
913 630 987 687 satis
1011 643 1089 687 certe
1108 629 1250 710 colligere
1272 653 1444 710 possumus.

383 727 471 810 Quod
484 729 511 786 si
529 727 608 785 enim
631 721 768 786 Catullus
787 724 841 782 uni
860 723 969 781 barum
989 725 1163 804 nuptiarum
1177 739 1361 806 argumento
1374 753 1445 809 ope·

380 843 449 882 ram
469 819 546 879 dare
558 816 708 888 voluisset,
731 815 779 874 illi
795 813 931 896 profecto
946 835 1006 874 noa
1020 815 1326 897 longiussabulurum
1349 841 1444 878 orna-

380 925 480 972 menta
496 907 628 992 petenda
642 908 793 992 fuissent,
820 906 874 966 sed
893 906 991 967 eidem
1011 911 1044 968 ln
1064 909 1119 969 boc
1138 912 1204 992 ipso
1221 915 1441 994 pertractando

380 1019 553 1090 argumento
579 1023 720 1084 campus,
747 1001 798 1060 ubi
823 1002 990 1062 exsultaret
1014 1005 1077 1063 eius
1096 1008 1268 1083 ingenium,
1298 1013 1442 1089 paucisset

380 1101 584 1183 amplissimus
603 1093 692 1168 (vide
710 1095 790 1154 verbi
807 1111 900 1154 causa
918 1095 1087 1178 complures
1100 1097 1144 1157 ad
1156 1095 1212 1158 bas
1224 1103 1352 1180 nuptias
1373 1121 1441 1180 spe-

379 1207 493 1255 ctantes
506 1189 635 1277 subulas
653 1190 686 1248 in
694 1189 862 1270 farragine
888 1187 945 1247 illa
970 1189 1057 1272 apud
1084 1190 1212 1250 Tnezem
1238 1190 1284 1250 ad
1304 1193 1440 1272 Lycopli.

380 1310 407 1346 v.
431 1287 495 1369 178.
514 1284 553 1365 eff
575 1283 682 1364 Heyne
694 1280 738 1340 ad
752 1279 926 1362 Apollodor.
942 1301 977 1362 p.
1000 1283 1068 1362 794.
1087 1303 1166 1364 seqq.
1178 1291 1200 1356 ).
1225 1282 1290 1342 Sed
1309 1287 1339 1342 si
1358 1287 1441 1358 cogi-

380 1393 478 1444 tamus
495 1377 573 1440 nibil
590 1376 678 1437 aliud
697 1389 843 1458 spectasse
861 1377 894 1436 in
913 1377 969 1436 boc
988 1379 1124 1438 carmine
1139 1379 1303 1460 pongarda
1330 1380 1440 1439 Catui-

380 1475 459 1545 lum,
488 1474 547 1534 nisi
572 1484 610 1552 ut¹
629 1471 768 1529 invitatus
790 1469 977 1528 celebrandis
1000 1471 1084 1530 Pelei
1108 1485 1136 1531 et
1162 1471 1311 1531 Tbetidos
1330 1477 1439 1553 nuptiis

380 1571 459 1628 alias
478 1567 587 1639 simul,
616 1587 693 1646 quas
715 1577 798 1623 aetas
821 1563 1004 1624 Graecorum
1024 1566 1146 1626 beroien
1165 1581 1192 1626 et
1211 1570 1351 1645 mytbica
1369 1592 1439 1646 sup-

336 1674 341 1685 “
375 1661 546 1744 peditaret,
558 1659 688 1742 fabulas
701 1657 822 1716 laxiore
824 1656 966 1742 fictionis
977 1657 1134 1718 cuiusdam
1148 1659 1265 1720 vincula
1284 1683 1437 1720 conuersos

378 1767 407 1814 et
426 1753 599 1834 copulatas,
622 1749 749 1810 versibus
767 1763 947 1832 exponeret,
968 1753 1052 1810 etsie
1071 1751 1193 1812 lectores
1208 1769 1266 1835 per
1280 1757 1436 1813 antoenie-

377 1851 457 1910 sima
470 1849 626 1907 Musarum
639 1843 817 1904 diverticula
828 1843 934 1905 ductos
947 1857 975 1904 et
987 1845 1134 1919 aliorum,
1149 1868 1227 1928 quae
1236 1869 1317 1932 prae
1329 1853 1435 1909 ceteris·

377 1941 426 2000 illi
438 1938 623 2010 arriderent,
639 1937 809 2014 mytbomm
819 1939 1008 2022 expositione
1020 1937 1170 2014 delinitos,
1185 1944 1341 2001 uarietatis
1355 1965 1435 2000 sensu

378 2033 506 2092 suaviter
531 2013 711 2090 demulceret
721 2051 732 2098 ,·
749 2029 851 2112 sacile
870 2045 1015 2114 apparet,
1037 2053 1079 2092 ea·
1098 2034 1164 2116 ipso
1181 2040 1292 2115 poeitae
1310 2035 1435 2093 consiti)

377 2130 476 2211 ipsum
495 2145 618 2185 carmen
636 2143 753 2205 qssoque
771 2123 1004 2187 diiudicandum
1024 2149 1094 2186 esse.
1159 2128 1247 2210 Quod
1265 2126 1392 2210 quidem
1413 2135 1436 2187 si

378 2233 457 2280 recte
473 2237 651 2299 perpensum
671 2231 743 2275 esset
761 2237 783 2275 a
807 2219 890 2276 Viris
908 2219 1031 2292 Doctis,
1054 2223 1152 2301 magis
1154 2223 1269 2304 forsan
1283 2243 1305 2279 a
1318 2223 1437 2301 virgata

376 2316 432 2374 illa
451 2311 607 2383 censoria,
628 2331 689 2392 qua
702 2309 899 2392 digressiones
918 2313 1005 2373 bus'sss
1017 2318 1177 2388 carminis,
1194 2318 1239 2376 vel
1257 2331 1291 2377 ut
1302 2320 1437 2377 niarium

373 2407 519 2490 prolixas
536 2417 566 2463 et
584 2407 738 2487 copiosas,
760 2403 806 2463 vel
824 2417 856 2464 ut
871 2419 984 2488 parum
997 2409 1075 2468 inter
1086 2431 1117 2468 se
1130 2423 1219 2490 aptas
1232 2423 1260 2470 et
1274 2412 1437 2492 copulatas

377 2512 538 2572 notarunt,
558 2499 614 2558 sibi
635 2509 853 2580 temperassent.
886 2499 936 2559 Sic
957 2499 1108 2562 Duschius
1126 2504 1158 2561 in
1178 2501 1253 2562 libro
1273 2505 1437 2562 uernacula

376 2593 458 2654 Biefe
473 2614 526 2654 zur
539 2591 668 2674 Bildung
687 2591 739 2652 des
759 2590 979 2666 Gescbmacks,
1002 2595 1082 2655 Vott.
1103 2597 1174 2668 ΠΙ,
1194 2595 1230 2680 p.'
1247 2620 1317 2678 2²7·
1339 2585 1439 2658 lotum

319 2707 323 2715 '
376 2711 501 2750 carmen
514 2688 595 2748 male
614 2691 692 2747 inter
710 2709 741 2746 se
760 2688 918 2747 cobaerere
936 2704 963 2748 et
983 2691 1213 2770 digressionibu
1229 2695 1317 2772 lange
1333 2701 1439 2776 petitis

376 2785 531 2856 laborum,
554 2782 656 2844 multis
668 2781 777 2841 docere
789 2781 918 2854 studuit,
934 2785 1016 2842 cuius
1030 2786 1152 2865 vestigia
1165 2784 1275 2846 deinde
1289 2787 1365 2867 legit
1382 2791 1438 2849 [n-

377 2875 482 2956 genius
501 2877 533 2934 in
547 2875 713 2934 versionum
734 2873 853 2934 libello.-
874 2873 1027 2935 Deutsche
1047 2875 1228 2958 Anthologis
1246 2877 1303 2938 der
1323 2881 1439 2939 romis-

375 2966 452 3025 chen
475 2965 616 3046 Elegilier'
631 2989 664 3050 p.
689 2965 757 3047 378.
806 2969 869 3027 Nec
892 2969 1013 3027 nultius
1032 2970 1096 3051 ipse
1116 2970 1245 3051 Magnus
1263 2969 1381 3052 Heyne
1403 2975 1439 3031 de

372 3065 507 3122 caraune
518 3075 618 3122 nostro
632 3064 719 3121 sentit
728 3061 775 3131 ad
794 3063 825 3120 V
823 3061 903 3142 irgil.
920 3063 1006 3122 Tora.
1017 3064 1084 3136 W,
1097 3086 1130 3146 p.
1146 3067 1186 3138 l.·
1203 3095 1223 3110 -
1239 3065 1436 3148 Quansquan

371 3175 470 3220 autem
484 3161 552 3220 buic
566 3159 713 3229 carmini,
730 3161 756 3217 si
769 3179 790 3216 a
799 3157 939 3239 fatidico
953 3159 1007 3218 illo
1022 3161 1191 3222 Parnasum
1204 3175 1295 3222 cautu
1307 3164 1366 3223 sub
1379 3171 1439 3223 eius

297 3283 300 3290 ν
362 3251 466 3340 finem
485 3251 672 3322 discesseris,
695 3251 773 3310 nibil
776 3253 850 3334 fere
862 3251 949 3324 insit,
976 3251 1060 3333 quod
1079 3253 1236 3313 commode
1248 3253 1293 3312 ad
1306 3255 1438 3336 Epistro-

371 3345 460 3404 lamii
468 3347 595 3427 proprie
606 3346 649 3403 sic
662 3343 740 3403 dicti
750 3364 843 3424 genus
855 3343 1023 3422 referatur,
1039 3358 1067 3405 et
1080 3359 1158 3406 recte
1170 3347 1295 3406 omnim·
1308 3365 1438 3429 porrum

320 3479 324 3488 -
372 3435 452 3518 Epos
464 3457 531 3497 cum
551 3437 682 3496 Doctiss.
694 3435 809 3498 Gurlitt
825 3440 979 3496 nominari
991 3451 1096 3520 queat,
1119 3438 1200 3498 idem
1222 3452 1343 3513 umen,
1370 3465 1438 3504 cum

366 3533 530 3612 praecipue
541 3530 573 3590 in
586 3531 729 3589 borsorem
743 3533 917 3613 nuptiarum
932 3531 1014 3591 Pelei
1027 3545 1055 3590 et
1073 3532 1216 3592 Tbea'dos
1232 3538 1436 3615 compositum

372 3625 426 3695 sit,
442 3623 526 3684 baud
539 3626 638 3705 inepte
647 3623 755 3684 latiore
765 3647 859 3698 sensu,
877 3625 1060 3707 epithalamii
1070 3631 1190 3688 nomine
1198 3629 1341 3704 insigniri
1348 3653 1438 3710 passo

374 3715 501 3776 videtur.
515 3716 555 3798 es.
565 3717 782 3797 Argumentum
792 3719 835 3778 acl
850 3719 953 3778 Carm.
963 3722 995 3780 in
1008 3721 1102 3802 Nupt.
1116 3721 1176 3780 lul.
1185 3733 1213 3780 et
1222 3720 1323 3779 Manl-
1332 3723 1438 3778 Missis

369 3807 463 3886 igitur
474 3809 626 3881 omnibus,
646 3830 725 3891 quae
736 3809 782 3870 ad
797 3811 928 3894 pretium
949 3815 1035 3872 buius
1048 3815 1193 3873 carminis
1211 3810 1393 3872 elevandum
1407 3819 1438 3870 in

368 3903 500 3960 medium
517 3903 736 3983 prolatatum,
750 3906 902 3987 fruamur
921 3903 1111 3966 nitidissimis
1112 3905 1270 3987 flosculis,
1292 3927 1371 3986 quos
1387 3931 1439 3964 un-

368 3993 461 4075 dique
480 4007 509 4052 et
527 4015 569 4052 ex
588 3993 702 4058 dissitis
721 4001 808 4079 quasi
827 3999 995 4079 regionibus
1019 3995 1128 4083 poeiae
1150 3998 1312 4079 decerpere
1331 4000 1441 4079 wlnpe

357 4087 444 4164 suit,
466 4105 520 4144 nec
540 4089 682 4150 varietate
700 4089 834 4152 colorum
848 4105 877 4150 et
889 4093 1018 4152 odarum
1032 4093 1104 4154 bene
1114 4094 1192 4151 inter
1210 4109 1241 4149 se
1257 4091 1440 4170 permixto-

371 4199 438 4237 rum
460 4183 605 4242 maiorem
625 4185 708 4244 nobis
727 4183 888 4246 conciliari
900 4190 1074 4247 suavitatem
1093 4185 1297 4266 indignemur.

341 4291 344 4302 ·
411 4273 515 4336 Restat
531 4277 595 4339 alia
608 4281 755 4360 quaestio,
772 4281 802 4343 in
815 4301 876 4361 qua
885 4281 1093 4346 constituenda
1103 4282 1229 4344 multum
1239 4279 1439 4350 laborarunt,
