<?xml version="1.0" encoding="UTF-8"?>
<!DOCTYPE html PUBLIC "-//W3C//DTD XHTML 1.0 Transitional//EN"
    "http://www.w3.org/TR/xhtml1/DTD/xhtml1-transitional.dtd">
<html xmlns="http://www.w3.org/1999/xhtml" xml:lang="en" lang="en">
 <head>
  <title>
</title>
<meta http-equiv="Content-Type" content="text/html;charset=utf-8" />
  <meta name='ocr-system' content='tesseract 3.04.00' />
  <meta name='ocr-capabilities' content='ocr_page ocr_carea ocr_par ocr_line ocrx_word'/>
</head>
<body>
  <div class='ocr_page' id='page_1' title='image "./cvaleriicatulli03catugoog_0205.png"; bbox 0 0 3000 5108; ppageno 0'>
   <div class='ocr_carea' id='block_1_1' title="bbox 279 304 1051 404">
    <p class='ocr_par' dir='ltr' id='par_1_1' title="bbox 279 304 1051 404">
     <span class='ocr_line' id='line_1_1' title="bbox 279 304 1051 404; baseline 0.005 -30"><span class='ocrx_word' id='word_1_1' title='bbox 279 304 370 404; x_wconf 77' lang='lat'><strong><em>142</em></strong></span> <span class='ocrx_word' id='word_1_2' title='bbox 605 315 643 378; x_wconf 87' lang='lat' dir='ltr'><strong><em>c.</em></strong></span> <span class='ocrx_word' id='word_1_3' title='bbox 666 317 833 380; x_wconf 69' lang='lat' dir='ltr'><strong><em>vinnan</em></strong></span> <span class='ocrx_word' id='word_1_4' title='bbox 868 319 1051 379; x_wconf 77' lang='lat' dir='ltr'><strong><em>cnrvnm</em></strong></span> 
     </span>
    </p>
   </div>
   <div class='ocr_carea' id='block_1_2' title="bbox 278 532 1383 1382">
    <p class='ocr_par' dir='ltr' id='par_1_2' title="bbox 278 532 1383 1382">
     <span class='ocr_line' id='line_1_2' title="bbox 313 532 1379 618; baseline -0.003 -21"><span class='ocrx_word' id='word_1_5' title='bbox 313 532 473 618; x_wconf 73' lang='lat' dir='ltr'><strong><em>expliquie</em></strong></span> <span class='ocrx_word' id='word_1_6' title='bbox 489 535 526 594; x_wconf 83' lang='grc' dir='ltr'><strong><em>Τ.</em></strong></span> <span class='ocrx_word' id='word_1_7' title='bbox 541 534 612 606; x_wconf 81' lang='grc' dir='ltr'><strong><em>ΠΙ,</em></strong></span> <span class='ocrx_word' id='word_1_8' title='bbox 629 555 663 616; x_wconf 87' lang='lat' dir='ltr'><strong><em>p.</em></strong></span> <span class='ocrx_word' id='word_1_9' title='bbox 679 533 738 593; x_wconf 76' lang='lat'><strong><em>216</em></strong></span> <span class='ocrx_word' id='word_1_10' title='bbox 752 565 773 580; x_wconf 88' lang='lat'>-</span> <span class='ocrx_word' id='word_1_11' title='bbox 788 535 836 606; x_wconf 71' lang='lat' dir='ltr'><strong><em>al.</em></strong></span> <span class='ocrx_word' id='word_1_12' title='bbox 854 547 881 593; x_wconf 90' lang='lat' dir='ltr'><strong><em>et</em></strong></span> <span class='ocrx_word' id='word_1_13' title='bbox 898 533 1013 594; x_wconf 83' lang='lat' dir='ltr'><strong><em>Pottsri</em></strong></span> <span class='ocrx_word' id='word_1_14' title='bbox 1026 532 1185 596; x_wconf 79' lang='lat' dir='ltr'><strong><em>Archaeoh</em></strong></span> <span class='ocrx_word' id='word_1_15' title='bbox 1200 536 1308 598; x_wconf 83' lang='lat' dir='ltr'><strong><em>Graec.</em></strong></span> <span class='ocrx_word' id='word_1_16' title='bbox 1326 535 1379 596; x_wconf 86' lang='lat' dir='ltr'><strong><em>lib.</em></strong></span> 
     </span>
     <span class='ocr_line' id='line_1_3' title="bbox 313 630 1382 715; baseline -0.001 -23"><span class='ocrx_word' id='word_1_17' title='bbox 313 633 380 706; x_wconf 81' lang='lat' dir='ltr'><strong><em>W,</em></strong></span> <span class='ocrx_word' id='word_1_18' title='bbox 396 653 424 692; x_wconf 87' lang='lat' dir='ltr'><strong><em>e.</em></strong></span> <span class='ocrx_word' id='word_1_19' title='bbox 438 649 467 710; x_wconf 83' lang='grc'><strong><em>9.</em></strong></span> <span class='ocrx_word' id='word_1_20' title='bbox 484 633 520 691; x_wconf 87' lang='grc' dir='ltr'><strong><em>Τ.</em></strong></span> <span class='ocrx_word' id='word_1_21' title='bbox 534 632 588 703; x_wconf 86' lang='grc' dir='ltr'><strong><em>ΙΙ,</em></strong></span> <span class='ocrx_word' id='word_1_22' title='bbox 601 652 634 713; x_wconf 90' lang='lat' dir='ltr'><strong><em>p.</em></strong></span> <span class='ocrx_word' id='word_1_23' title='bbox 649 630 1055 703; x_wconf 74' lang='lat' dir='ltr'><strong><em>232-41.-cesemm‚cum</em></strong></span> <span class='ocrx_word' id='word_1_24' title='bbox 1068 631 1125 689; x_wconf 88' lang='lat' dir='ltr'><strong><em>hoe</em></strong></span> <span class='ocrx_word' id='word_1_25' title='bbox 1137 631 1279 704; x_wconf 75' lang='lat' dir='ltr'><strong><em>carmen&#39;,</em></strong></span> <span class='ocrx_word' id='word_1_26' title='bbox 1295 633 1382 715; x_wconf 79' lang='lat' dir='ltr'><strong><em>qnod</em></strong></span> 
     </span>
     <span class='ocr_line' id='line_1_4' title="bbox 278 722 1379 806; baseline -0.001 -22"><span class='ocrx_word' id='word_1_27' title='bbox 278 745 284 754; x_wconf 90' lang='lat'><strong>·</strong></span> <span class='ocrx_word' id='word_1_28' title='bbox 310 724 443 784; x_wconf 86' lang='lat' dir='ltr'><strong><em>Veneris</em></strong></span> <span class='ocrx_word' id='word_1_29' title='bbox 456 735 486 784; x_wconf 85' lang='lat' dir='ltr'><strong><em>et</em></strong></span> <span class='ocrx_word' id='word_1_30' title='bbox 499 723 672 784; x_wconf 77' lang='lat' dir='ltr'><strong>Gratiarum</strong></span> <span class='ocrx_word' id='word_1_31' title='bbox 687 722 822 784; x_wconf 86' lang='lat' dir='ltr'><strong><em>manibus</em></strong></span> <span class='ocrx_word' id='word_1_32' title='bbox 840 722 986 806; x_wconf 83' lang='lat' dir='ltr'><strong><em>seriptum</em></strong></span> <span class='ocrx_word' id='word_1_33' title='bbox 1002 741 1063 784; x_wconf 85' lang='lat' dir='ltr'><strong><em>esse</em></strong></span> <span class='ocrx_word' id='word_1_34' title='bbox 1076 723 1194 786; x_wconf 81' lang='lat' dir='ltr'><strong><em>iudicat</em></strong></span> <span class='ocrx_word' id='word_1_35' title='bbox 1206 727 1315 785; x_wconf 88' lang='lat' dir='ltr'><strong><em>Barth.</em></strong></span> <span class='ocrx_word' id='word_1_36' title='bbox 1333 725 1379 783; x_wconf 84' lang='lat' dir='ltr'><strong><em>ad</em></strong></span> 
     </span>
     <span class='ocr_line' id='line_1_5' title="bbox 278 819 1383 904; baseline -0.002 -22"><span class='ocrx_word' id='word_1_37' title='bbox 278 839 281 846; x_wconf 86' lang='grc'><strong><em>’</em></strong></span> <span class='ocrx_word' id='word_1_38' title='bbox 313 821 480 882; x_wconf 73' lang='lat' dir='ltr'><strong><em>claudian.</em></strong></span> <span class='ocrx_word' id='word_1_39' title='bbox 490 842 523 903; x_wconf 90' lang='lat' dir='ltr'><strong><em>p.</em></strong></span> <span class='ocrx_word' id='word_1_40' title='bbox 539 822 605 902; x_wconf 76' lang='lat'><strong>789.</strong></span> <span class='ocrx_word' id='word_1_41' title='bbox 614 819 826 904; x_wconf 74' lang='lat' dir='ltr'><strong><em>pulcherrimis</em></strong></span> <span class='ocrx_word' id='word_1_42' title='bbox 837 819 1026 900; x_wconf 63' lang='lat' dir='ltr'><strong><em>antiquitatis</em></strong></span> <span class='ocrx_word' id='word_1_43' title='bbox 1039 822 1236 880; x_wconf 78' lang='lat' dir='ltr'><em>monumentis</em></span> <span class='ocrx_word' id='word_1_44' title='bbox 1248 823 1383 880; x_wconf 79' lang='lat' dir='ltr'><strong><em>iureac-</em></strong></span> 
     </span>
     <span class='ocr_line' id='line_1_6' title="bbox 312 903 1381 997; baseline -0.002 -21"><span class='ocrx_word' id='word_1_45' title='bbox 312 903 491 976; x_wconf 75' lang='lat' dir='ltr'><strong><em>eernsendurn</em></strong></span> <span class='ocrx_word' id='word_1_46' title='bbox 514 913 670 988; x_wconf 83' lang='lat' dir='ltr'><strong><em>videntur,</em></strong></span> <span class='ocrx_word' id='word_1_47' title='bbox 687 916 803 997; x_wconf 88' lang='lat' dir='ltr'><strong><em>passim</em></strong></span> <span class='ocrx_word' id='word_1_48' title='bbox 817 915 978 985; x_wconf 76' lang='lat' dir='ltr'><strong><em>exstitere,</em></strong></span> <span class='ocrx_word' id='word_1_49' title='bbox 997 913 1051 996; x_wconf 78' lang='lat' dir='ltr'><strong><em>qai</em></strong></span> <span class='ocrx_word' id='word_1_50' title='bbox 1070 913 1119 973; x_wconf 87' lang='lat' dir='ltr'><strong><em>illi</em></strong></span> <span class='ocrx_word' id='word_1_51' title='bbox 1138 914 1183 982; x_wconf 76' lang='lat' dir='ltr'><strong><em>vel</em></strong></span> <span class='ocrx_word' id='word_1_52' title='bbox 1196 913 1381 974; x_wconf 82' lang='lat' dir='ltr'><strong><em>illustrando</em></strong></span> 
     </span>
     <span class='ocr_line' id='line_1_7' title="bbox 310 1005 1378 1094; baseline -0.001 -26"><span class='ocrx_word' id='word_1_53' title='bbox 310 1009 356 1068; x_wconf 82' lang='lat' dir='ltr'><strong><em>vel</em></strong></span> <span class='ocrx_word' id='word_1_54' title='bbox 384 1008 416 1066; x_wconf 90' lang='lat' dir='ltr'><strong><em>in</em></strong></span> <span class='ocrx_word' id='word_1_55' title='bbox 443 1008 633 1094; x_wconf 71' lang='lat' dir='ltr'><strong><em>emendam</em></strong></span> <span class='ocrx_word' id='word_1_56' title='bbox 660 1006 798 1072; x_wconf 76' lang='lat' dir='ltr'><strong><em>vertendo</em></strong></span> <span class='ocrx_word' id='word_1_57' title='bbox 822 1005 1007 1089; x_wconf 76' lang='lat' dir='ltr'><strong><em>peculiarem</em></strong></span> <span class='ocrx_word' id='word_1_58' title='bbox 1035 1025 1159 1090; x_wconf 83' lang='lat' dir='ltr'><strong><em>operam</em></strong></span> <span class='ocrx_word' id='word_1_59' title='bbox 1189 1006 1378 1067; x_wconf 66' lang='lat' dir='ltr'><strong><em>addam.</em></strong></span> 
     </span>
     <span class='ocr_line' id='line_1_8' title="bbox 311 1101 1375 1186; baseline -0.003 -22"><span class='ocrx_word' id='word_1_60' title='bbox 311 1105 451 1186; x_wconf 80' lang='lat' dir='ltr'><strong><em>Denique</em></strong></span> <span class='ocrx_word' id='word_1_61' title='bbox 473 1105 528 1186; x_wconf 61' lang='lat' dir='ltr'><strong><em>uia</em></strong></span> <span class='ocrx_word' id='word_1_62' title='bbox 545 1101 667 1162; x_wconf 77' lang='lat' dir='ltr'><strong><em>dathiam</em></strong></span> <span class='ocrx_word' id='word_1_63' title='bbox 686 1115 744 1174; x_wconf 87' lang='lat' dir='ltr'><strong><em>est,</em></strong></span> <span class='ocrx_word' id='word_1_64' title='bbox 766 1105 839 1186; x_wconf 74' lang='lat' dir='ltr'><strong><em>sytria</em></strong></span> <span class='ocrx_word' id='word_1_65' title='bbox 864 1103 1000 1167; x_wconf 73' lang='lat' dir='ltr'><strong><em>Catullus</em></strong></span> <span class='ocrx_word' id='word_1_66' title='bbox 1019 1105 1052 1163; x_wconf 92' lang='lat' dir='ltr'><strong><em>in</em></strong></span> <span class='ocrx_word' id='word_1_67' title='bbox 1072 1103 1127 1162; x_wconf 87' lang='lat' dir='ltr'><strong><em>hoc</em></strong></span> <span class='ocrx_word' id='word_1_68' title='bbox 1143 1106 1279 1164; x_wconf 86' lang='lat' dir='ltr'><strong><em>carmine</em></strong></span> <span class='ocrx_word' id='word_1_69' title='bbox 1292 1105 1375 1162; x_wconf 85' lang='lat' dir='ltr'><strong><em>seri-</em></strong></span> 
     </span>
     <span class='ocr_line' id='line_1_9' title="bbox 309 1197 1375 1288; baseline -0.002 -28"><span class='ocrx_word' id='word_1_70' title='bbox 309 1199 406 1260; x_wconf 87' lang='lat' dir='ltr'><strong><em>henclo</em></strong></span> <span class='ocrx_word' id='word_1_71' title='bbox 435 1199 608 1280; x_wconf 73' lang='lat' dir='ltr'><strong><em>exemplum</em></strong></span> <span class='ocrx_word' id='word_1_72' title='bbox 629 1197 786 1280; x_wconf 82' lang='lat' dir='ltr'><strong><em>quoddam</em></strong></span> <span class='ocrx_word' id='word_1_73' title='bbox 813 1197 982 1271; x_wconf 74' lang='lat' dir='ltr'><strong><em>Graecam,</em></strong></span> <span class='ocrx_word' id='word_1_74' title='bbox 997 1201 1135 1284; x_wconf 86' lang='lat' dir='ltr'><strong><em>sortasse</em></strong></span> <span class='ocrx_word' id='word_1_75' title='bbox 1159 1199 1375 1288; x_wconf 78' lang='lat' dir='ltr'><strong><em>Sapphanem,</em></strong></span> 
     </span>
     <span class='ocr_line' id='line_1_10' title="bbox 309 1290 1379 1382; baseline -0.001 -26"><span class='ocrx_word' id='word_1_76' title='bbox 309 1299 394 1357; x_wconf 78' lang='lat' dir='ltr'><strong><em>cuius</em></strong></span> <span class='ocrx_word' id='word_1_77' title='bbox 410 1294 489 1354; x_wconf 83' lang='lat' dir='ltr'><strong><em>odas</em></strong></span> <span class='ocrx_word' id='word_1_78' title='bbox 504 1293 654 1374; x_wconf 68' lang='lat' dir='ltr'><strong><em>quasdem</em></strong></span> <span class='ocrx_word' id='word_1_79' title='bbox 669 1290 849 1374; x_wconf 71' lang='lat' dir='ltr'><strong><em>epithalamii</em></strong></span> <span class='ocrx_word' id='word_1_80' title='bbox 861 1295 1086 1376; x_wconf 79' lang='lat' dir='ltr'><strong><em>inscriptionem</em></strong></span> <span class='ocrx_word' id='word_1_81' title='bbox 1099 1297 1240 1382; x_wconf 71' lang='lat' dir='ltr'><strong><em>hahuime</em></strong></span> <span class='ocrx_word' id='word_1_82' title='bbox 1253 1309 1379 1355; x_wconf 82' lang='lat' dir='ltr'><strong><em>testatur</em></strong></span> 
     </span>
    </p>
   </div>
   <div class='ocr_carea' id='block_1_3' title="bbox 310 1391 1384 2033">
    <p class='ocr_par' dir='ltr' id='par_1_3' title="bbox 310 1391 1384 2033">
     <span class='ocr_line' id='line_1_11' title="bbox 310 1391 1381 1469; baseline -0.013 -16"><span class='ocrx_word' id='word_1_83' title='bbox 310 1395 440 1469; x_wconf 73' lang='lat' dir='ltr'><strong><em>Dionys.</em></strong></span> <span class='ocrx_word' id='word_1_84' title='bbox 454 1391 619 1452; x_wconf 72' lang='lat' dir='ltr'><strong><em>Halicam.</em></strong></span> <span class='ocrx_word' id='word_1_85' title='bbox 638 1391 658 1441; x_wconf 78' lang='lat' dir='ltr'><strong><em>h</em></strong></span> <span class='ocrx_word' id='word_1_86' title='bbox 676 1393 746 1460; x_wconf 61' lang='grc' dir='ltr'><strong><em>τῖχνῃ</em></strong></span> <span class='ocrx_word' id='word_1_87' title='bbox 763 1412 791 1448; x_wconf 84' lang='lat' dir='ltr'><strong><em>c.</em></strong></span> <span class='ocrx_word' id='word_1_88' title='bbox 803 1391 830 1463; x_wconf 62' lang='lat'><strong><em>[4.</em></strong></span> <span class='ocrx_word' id='word_1_89' title='bbox 848 1397 900 1458; x_wconf 73' lang='lat' dir='ltr'><strong><em>erpi</em></strong></span> <span class='ocrx_word' id='word_1_90' title='bbox 915 1395 1014 1456; x_wconf 57' lang='lat' dir='ltr'><strong><em>pusiilus*</em></strong></span> <span class='ocrx_word' id='word_1_91' title='bbox 1031 1393 1204 1468; x_wconf 46' lang='lat' dir='ltr'><strong><em>itrsSuhsrysimrz</em></strong></span> <span class='ocrx_word' id='word_1_92' title='bbox 1218 1405 1290 1451; x_wconf 72' lang='lat' dir='ltr'><strong><em>ante</em></strong></span> <span class='ocrx_word' id='word_1_93' title='bbox 1301 1415 1381 1452; x_wconf 75' lang='lat' dir='ltr'><em>ocu-</em></span> 
     </span>
     <span class='ocr_line' id='line_1_12' title="bbox 310 1479 1380 1566; baseline 0.001 -22"><span class='ocrx_word' id='word_1_94' title='bbox 310 1483 357 1544; x_wconf 90' lang='lat' dir='ltr'><strong><em>los</em></strong></span> <span class='ocrx_word' id='word_1_95' title='bbox 374 1485 518 1552; x_wconf 76' lang='lat' dir='ltr'><strong><em>hahuerit,</em></strong></span> <span class='ocrx_word' id='word_1_96' title='bbox 557 1484 606 1542; x_wconf 88' lang='lat' dir='ltr'><strong><em>De</em></strong></span> <span class='ocrx_word' id='word_1_97' title='bbox 619 1495 713 1541; x_wconf 85' lang='lat' dir='ltr'><strong><em>metro</em></strong></span> <span class='ocrx_word' id='word_1_98' title='bbox 728 1483 847 1542; x_wconf 77' lang='lat' dir='ltr'><strong><em>observa</em></strong></span> <span class='ocrx_word' id='word_1_99' title='bbox 857 1503 916 1564; x_wconf 87' lang='lat' dir='ltr'><strong><em>pro</em></strong></span> <span class='ocrx_word' id='word_1_100' title='bbox 931 1479 1056 1560; x_wconf 81' lang='lat' dir='ltr'><em>dactylo</em></span> <span class='ocrx_word' id='word_1_101' title='bbox 1071 1505 1298 1566; x_wconf 81' lang='lat' dir='ltr'><strong><em>nonnumquam</em></strong></span> <span class='ocrx_word' id='word_1_102' title='bbox 1312 1499 1380 1545; x_wconf 85' lang='lat' dir='ltr'><strong><em>tro-</em></strong></span> 
     </span>
     <span class='ocr_line' id='line_1_13' title="bbox 314 1575 1384 1659; baseline 0 -22"><span class='ocrx_word' id='word_1_103' title='bbox 314 1577 440 1638; x_wconf 85' lang='lat' dir='ltr'><strong><em>chaeum</em></strong></span> <span class='ocrx_word' id='word_1_104' title='bbox 460 1590 489 1635; x_wconf 89' lang='lat' dir='ltr'><strong><em>et</em></strong></span> <span class='ocrx_word' id='word_1_105' title='bbox 507 1579 539 1636; x_wconf 89' lang='lat' dir='ltr'><strong><em>in</em></strong></span> <span class='ocrx_word' id='word_1_106' title='bbox 557 1595 640 1634; x_wconf 82' lang='lat' dir='ltr'><strong><em>versu</em></strong></span> <span class='ocrx_word' id='word_1_107' title='bbox 658 1587 767 1658; x_wconf 78' lang='lat' dir='ltr'><strong><em>quarto</em></strong></span> <span class='ocrx_word' id='word_1_108' title='bbox 783 1597 841 1656; x_wconf 91' lang='lat' dir='ltr'><strong><em>pro</em></strong></span> <span class='ocrx_word' id='word_1_109' title='bbox 862 1575 1001 1636; x_wconf 76' lang='lat' dir='ltr'><strong><em>trochaeo</em></strong></span> <span class='ocrx_word' id='word_1_110' title='bbox 1022 1578 1054 1636; x_wconf 88' lang='lat' dir='ltr'><strong><em>in</em></strong></span> <span class='ocrx_word' id='word_1_111' title='bbox 1075 1578 1179 1658; x_wconf 85' lang='lat' dir='ltr'><strong><em>prima</em></strong></span> <span class='ocrx_word' id='word_1_112' title='bbox 1198 1576 1269 1637; x_wconf 84' lang='lat' dir='ltr'><strong><em>sede</em></strong></span> <span class='ocrx_word' id='word_1_113' title='bbox 1286 1599 1384 1659; x_wconf 83' lang='lat' dir='ltr'><strong><em>spon-</em></strong></span> 
     </span>
     <span class='ocr_line' id='line_1_14' title="bbox 310 1666 1383 1752; baseline 0 -22"><span class='ocrx_word' id='word_1_114' title='bbox 310 1669 423 1730; x_wconf 87' lang='lat' dir='ltr'><strong><em>daeum</em></strong></span> <span class='ocrx_word' id='word_1_115' title='bbox 438 1672 569 1752; x_wconf 86' lang='lat' dir='ltr'><strong><em>positum</em></strong></span> <span class='ocrx_word' id='word_1_116' title='bbox 587 1689 657 1728; x_wconf 84' lang='lat' dir='ltr'><strong><em>esse.</em></strong></span> <span class='ocrx_word' id='word_1_117' title='bbox 677 1666 795 1728; x_wconf 84' lang='lat' dir='ltr'><strong><em>Eodem</em></strong></span> <span class='ocrx_word' id='word_1_118' title='bbox 814 1681 912 1728; x_wconf 91' lang='lat' dir='ltr'><strong><em>autem</em></strong></span> <span class='ocrx_word' id='word_1_119' title='bbox 934 1689 1032 1728; x_wconf 85' lang='lat' dir='ltr'><strong><em>versus</em></strong></span> <span class='ocrx_word' id='word_1_120' title='bbox 1051 1689 1174 1748; x_wconf 79' lang='lat' dir='ltr'><strong><em>genere,</em></strong></span> <span class='ocrx_word' id='word_1_121' title='bbox 1196 1689 1256 1751; x_wconf 79' lang='lat' dir='ltr'><strong><em>quo</em></strong></span> <span class='ocrx_word' id='word_1_122' title='bbox 1276 1671 1383 1730; x_wconf 82' lang='lat' dir='ltr'><strong><em>cuius-</em></strong></span> 
     </span>
     <span class='ocr_line' id='line_1_15' title="bbox 311 1760 1380 1845; baseline -0.002 -21"><span class='ocrx_word' id='word_1_123' title='bbox 311 1761 382 1824; x_wconf 82' lang='lat' dir='ltr'><strong><em>libet</em></strong></span> <span class='ocrx_word' id='word_1_124' title='bbox 403 1764 544 1845; x_wconf 74' lang='lat' dir='ltr'><strong><em>strophae</em></strong></span> <span class='ocrx_word' id='word_1_125' title='bbox 557 1776 616 1822; x_wconf 85' lang='lat' dir='ltr'><strong><em>tres</em></strong></span> <span class='ocrx_word' id='word_1_126' title='bbox 629 1783 727 1821; x_wconf 83' lang='lat' dir='ltr'><strong><em>versus</em></strong></span> <span class='ocrx_word' id='word_1_127' title='bbox 743 1763 839 1843; x_wconf 88' lang='lat' dir='ltr'><strong><em>primi</em></strong></span> <span class='ocrx_word' id='word_1_128' title='bbox 851 1761 883 1820; x_wconf 85' lang='lat' dir='ltr'><strong><em>in</em></strong></span> <span class='ocrx_word' id='word_1_129' title='bbox 897 1760 1094 1841; x_wconf 83' lang='lat' dir='ltr'><strong><em>epithalamio</em></strong></span> <span class='ocrx_word' id='word_1_130' title='bbox 1108 1774 1209 1821; x_wconf 80' lang='lat' dir='ltr'><strong><em>nostro</em></strong></span> <span class='ocrx_word' id='word_1_131' title='bbox 1223 1775 1380 1832; x_wconf 87' lang='lat' dir='ltr'><strong><em>constant,</em></strong></span> 
     </span>
     <span class='ocr_line' id='line_1_16' title="bbox 310 1851 1383 1942; baseline -0.001 -22"><span class='ocrx_word' id='word_1_132' title='bbox 310 1861 463 1941; x_wconf 85' lang='lat' dir='ltr'><strong><em>praecinit</em></strong></span> <span class='ocrx_word' id='word_1_133' title='bbox 477 1879 594 1942; x_wconf 85' lang='lat' dir='ltr'><strong><em>quoque</em></strong></span> <span class='ocrx_word' id='word_1_134' title='bbox 606 1851 963 1938; x_wconf 74' lang='lat' dir='ltr'><strong><em>epithalamium&#39;lasonis</em></strong></span> <span class='ocrx_word' id='word_1_135' title='bbox 973 1869 1001 1915; x_wconf 88' lang='lat' dir='ltr'><strong><em>et</em></strong></span> <span class='ocrx_word' id='word_1_136' title='bbox 1013 1857 1141 1917; x_wconf 76' lang='lat' dir='ltr'><strong><em>Creusae</em></strong></span> <span class='ocrx_word' id='word_1_137' title='bbox 1151 1860 1263 1938; x_wconf 83' lang='lat' dir='ltr'><strong><em>nuptiis</em></strong></span> <span class='ocrx_word' id='word_1_138' title='bbox 1272 1859 1383 1918; x_wconf 72' lang='lat' dir='ltr'><strong><em>chono</em></strong></span> 
     </span>
     <span class='ocr_line' id='line_1_17' title="bbox 311 1947 1256 2033; baseline -0.005 -20"><span class='ocrx_word' id='word_1_139' title='bbox 311 1953 513 2014; x_wconf 69' lang='lat' dir='ltr'><strong><em>emulserilus</em></strong></span> <span class='ocrx_word' id='word_1_140' title='bbox 528 1951 692 2012; x_wconf 88' lang='lat' dir='ltr'><strong><em>Corinthiis</em></strong></span> <span class='ocrx_word' id='word_1_141' title='bbox 707 1947 793 2033; x_wconf 80' lang='lat' dir='ltr'><strong><em>apud</em></strong></span> <span class='ocrx_word' id='word_1_142' title='bbox 811 1947 911 2010; x_wconf 69' lang='lat' dir='ltr'><strong><em>Senem</em></strong></span> <span class='ocrx_word' id='word_1_143' title='bbox 925 1948 1008 2010; x_wconf 73' lang='lat' dir='ltr'><strong><em>Med.</em></strong></span> <span class='ocrx_word' id='word_1_144' title='bbox 1028 1973 1053 2008; x_wconf 85' lang='lat' dir='ltr'><strong><em>v.</em></strong></span> <span class='ocrx_word' id='word_1_145' title='bbox 1070 1949 1107 2032; x_wconf 86' lang='lat'><strong><em>75</em></strong></span> <span class='ocrx_word' id='word_1_146' title='bbox 1126 1961 1154 2008; x_wconf 87' lang='lat' dir='ltr'><strong><em>et</em></strong></span> <span class='ocrx_word' id='word_1_147' title='bbox 1171 1967 1256 2031; x_wconf 80' lang='lat' dir='ltr'><strong><em>seqq.</em></strong></span> 
     </span>
    </p>
   </div>
   <div class='ocr_carea' id='block_1_4' title="bbox 274 2083 755 2388">
    <p class='ocr_par' dir='ltr' id='par_1_4' title="bbox 274 2083 755 2388">
     <span class='ocr_line' id='line_1_18' title="bbox 276 2083 669 2252; baseline 0.003 -7"><span class='ocrx_word' id='word_1_148' title='bbox 276 2083 422 2252; x_wconf 83' lang='lat' dir='ltr'><strong><em>Collis</em></strong></span> <span class='ocrx_word' id='word_1_149' title='bbox 441 2195 463 2243; x_wconf 92' lang='lat' dir='ltr'><strong><em>o</em></strong></span> <span class='ocrx_word' id='word_1_150' title='bbox 480 2169 669 2246; x_wconf 85' lang='lat' dir='ltr'><strong><em>Heliconei</em></strong></span> 
     </span>
     <span class='ocr_line' id='line_1_19' title="bbox 274 2285 755 2388; baseline -0.002 -27"><span class='ocrx_word' id='word_1_151' title='bbox 274 2285 428 2373; x_wconf 81' lang='lat' dir='ltr'><strong><em>Cultor,</em></strong></span> <span class='ocrx_word' id='word_1_152' title='bbox 446 2285 602 2360; x_wconf 82' lang='lat' dir='ltr'><strong><em>Uraniae</em></strong></span> <span class='ocrx_word' id='word_1_153' title='bbox 620 2311 755 2388; x_wconf 84' lang='lat' dir='ltr'><strong><em>genus,</em></strong></span> 
     </span>
    </p>
   </div>
   <div class='ocr_carea' id='block_1_5' title="bbox 273 2398 931 2746">
    <p class='ocr_par' dir='ltr' id='par_1_5' title="bbox 273 2398 931 2746">
     <span class='ocr_line' id='line_1_20' title="bbox 274 2398 843 2497; baseline 0.002 -25"><span class='ocrx_word' id='word_1_154' title='bbox 274 2398 348 2489; x_wconf 87' lang='lat' dir='ltr'><strong><em>Qui</em></strong></span> <span class='ocrx_word' id='word_1_155' title='bbox 363 2398 463 2497; x_wconf 86' lang='lat' dir='ltr'><strong><em>rapis</em></strong></span> <span class='ocrx_word' id='word_1_156' title='bbox 480 2403 646 2472; x_wconf 84' lang='lat' dir='ltr'><strong><em>teneram</em></strong></span> <span class='ocrx_word' id='word_1_157' title='bbox 662 2399 708 2471; x_wconf 84' lang='lat' dir='ltr'><strong><em>ad</em></strong></span> <span class='ocrx_word' id='word_1_158' title='bbox 724 2399 843 2474; x_wconf 87' lang='lat' dir='ltr'><strong><em>virum</em></strong></span> 
     </span>
     <span class='ocr_line' id='line_1_21' title="bbox 274 2515 931 2621; baseline 0.005 -36"><span class='ocrx_word' id='word_1_159' title='bbox 274 2515 477 2616; x_wconf 82' lang='lat' dir='ltr'><strong><em>Virginem,</em></strong></span> <span class='ocrx_word' id='word_1_160' title='bbox 496 2535 518 2586; x_wconf 92' lang='grc' dir='ltr'>ο</span> <span class='ocrx_word' id='word_1_161' title='bbox 535 2515 746 2612; x_wconf 83' lang='lat' dir='ltr'><strong><em>Hymenaee</em></strong></span> <span class='ocrx_word' id='word_1_162' title='bbox 763 2515 931 2621; x_wconf 59' lang='lat' dir='ltr'><strong><em>Hymen,</em></strong></span> 
     </span>
     <span class='ocr_line' id='line_1_22' title="bbox 273 2629 708 2746; baseline 0 -44"><span class='ocrx_word' id='word_1_163' title='bbox 273 2629 420 2746; x_wconf 91' lang='lat' dir='ltr'><strong><em>Hymen</em></strong></span> <span class='ocrx_word' id='word_1_164' title='bbox 439 2656 462 2703; x_wconf 95' lang='grc' dir='ltr'>ο</span> <span class='ocrx_word' id='word_1_165' title='bbox 479 2631 708 2742; x_wconf 82' lang='lat' dir='ltr'><strong><em>Hymenaee:</em></strong></span> 
     </span>
    </p>
   </div>
   <div class='ocr_carea' id='block_1_6' title="bbox 306 2885 600 2944">
    <p class='ocr_par' dir='ltr' id='par_1_6' title="bbox 306 2885 600 2944">
     <span class='ocr_line' id='line_1_23' title="bbox 306 2885 600 2944; baseline -0.014 0"><span class='ocrx_word' id='word_1_166' title='bbox 306 2885 343 2944; x_wconf 73' lang='lat' dir='ltr'><strong><em>V.</em></strong></span> <span class='ocrx_word' id='word_1_167' title='bbox 361 2909 383 2942; x_wconf 87' lang='grc' dir='ltr'><strong><em>ι.</em></strong></span> <span class='ocrx_word' id='word_1_168' title='bbox 399 2887 447 2942; x_wconf 73' lang='lat' dir='ltr'><strong><em>elii</em></strong></span> <span class='ocrx_word' id='word_1_169' title='bbox 462 2885 600 2941; x_wconf 80' lang='lat' dir='ltr'><strong><em>Heliaonii.</em></strong></span> 
     </span>
    </p>
   </div>
   <div class='ocr_carea' id='block_1_7' title="bbox 271 3095 1383 4403">
    <p class='ocr_par' dir='ltr' id='par_1_7' title="bbox 271 3095 1383 4403">
     <span class='ocr_line' id='line_1_24' title="bbox 314 3095 1383 3176; baseline 0.001 -17"><span class='ocrx_word' id='word_1_170' title='bbox 314 3096 355 3159; x_wconf 78' lang='lat' dir='ltr'><strong><em>V.</em></strong></span> <span class='ocrx_word' id='word_1_171' title='bbox 368 3119 396 3160; x_wconf 86' lang='lat'><strong><em>2.</em></strong></span> <span class='ocrx_word' id='word_1_172' title='bbox 439 3099 573 3172; x_wconf 80' lang='lat' dir='ltr'><strong><em>Uraniae</em></strong></span> <span class='ocrx_word' id='word_1_173' title='bbox 585 3117 687 3176; x_wconf 75' lang='lat' dir='ltr'><strong><em>genta.</em></strong></span> <span class='ocrx_word' id='word_1_174' title='bbox 721 3095 794 3160; x_wconf 85' lang='lat' dir='ltr'><strong><em>hine</em></strong></span> <span class='ocrx_word' id='word_1_175' title='bbox 860 3107 955 3160; x_wconf 69' lang='lat' dir='ltr'><strong><em>eatan.</em></strong></span> <span class='ocrx_word' id='word_1_176' title='bbox 968 3098 1028 3160; x_wconf 80' lang='lat' dir='ltr'><strong><em>rid.</em></strong></span> <span class='ocrx_word' id='word_1_177' title='bbox 1042 3098 1247 3160; x_wconf 81' lang='lat' dir='ltr'><strong><em>Hemsterhus.</em></strong></span> <span class='ocrx_word' id='word_1_178' title='bbox 1261 3097 1299 3158; x_wconf 83' lang='lat' dir='ltr'><strong><em>ad</em></strong></span> <span class='ocrx_word' id='word_1_179' title='bbox 1312 3098 1383 3160; x_wconf 63' lang='lat' dir='ltr'><strong><em>Lu÷</em></strong></span> 
     </span>
     <span class='ocr_line' id='line_1_25' title="bbox 274 3177 1382 3262; baseline 0 -20"><span class='ocrx_word' id='word_1_180' title='bbox 274 3183 365 3242; x_wconf 84' lang='lat' dir='ltr'><strong><em>Musa</em></strong></span> <span class='ocrx_word' id='word_1_181' title='bbox 386 3184 502 3262; x_wconf 77' lang='lat' dir='ltr'><strong><em>genitus</em></strong></span> <span class='ocrx_word' id='word_1_182' title='bbox 528 3189 652 3241; x_wconf 75' lang='lat' dir='ltr'><strong><em>vocatur</em></strong></span> <span class='ocrx_word' id='word_1_183' title='bbox 675 3178 794 3262; x_wconf 85' lang='lat' dir='ltr'><strong><em>Hyme-</em></strong></span> <span class='ocrx_word' id='word_1_184' title='bbox 860 3181 937 3240; x_wconf 85' lang='lat' dir='ltr'><strong><em>cian.</em></strong></span> <span class='ocrx_word' id='word_1_185' title='bbox 976 3180 996 3242; x_wconf 90' lang='lat' dir='ltr'><strong><em>l.</em></strong></span> <span class='ocrx_word' id='word_1_186' title='bbox 1028 3202 1054 3241; x_wconf 90' lang='lat' dir='ltr'><strong><em>c.</em></strong></span> <span class='ocrx_word' id='word_1_187' title='bbox 1085 3177 1185 3239; x_wconf 77' lang='lat' dir='ltr'><strong><em>Facile</em></strong></span> <span class='ocrx_word' id='word_1_188' title='bbox 1215 3189 1314 3240; x_wconf 84' lang='lat' dir='ltr'><strong><em>autem</em></strong></span> <span class='ocrx_word' id='word_1_189' title='bbox 1342 3201 1382 3242; x_wconf 81' lang='lat' dir='ltr'><strong><em>ex</em></strong></span> 
     </span>
     <span class='ocr_line' id='line_1_26' title="bbox 272 3260 1382 3344; baseline -0.001 -22"><span class='ocrx_word' id='word_1_190' title='bbox 272 3283 366 3322; x_wconf 77' lang='lat' dir='ltr'><strong><em>naeus</em></strong></span> <span class='ocrx_word' id='word_1_191' title='bbox 385 3260 465 3343; x_wconf 83' lang='lat' dir='ltr'><strong><em>apud</em></strong></span> <span class='ocrx_word' id='word_1_192' title='bbox 483 3260 639 3322; x_wconf 74' lang='lat' dir='ltr'><strong><em>claudian.</em></strong></span> <span class='ocrx_word' id='word_1_193' title='bbox 666 3261 773 3322; x_wconf 84' lang='lat' dir='ltr'><strong>XXXI</strong></span> <span class='ocrx_word' id='word_1_194' title='bbox 784 3302 793 3336; x_wconf 76' lang='lat'>‚</span> <span class='ocrx_word' id='word_1_195' title='bbox 858 3261 990 3322; x_wconf 81' lang='lat' dir='ltr'><strong><em>fabulosa</em></strong></span> <span class='ocrx_word' id='word_1_196' title='bbox 1011 3260 1178 3343; x_wconf 79' lang='lat' dir='ltr'><strong><em>Hymenaei</em></strong></span> <span class='ocrx_word' id='word_1_197' title='bbox 1197 3261 1315 3342; x_wconf 86' lang='lat' dir='ltr'><strong><em>origine</em></strong></span> <span class='ocrx_word' id='word_1_198' title='bbox 1328 3284 1382 3344; x_wconf 82' lang='lat' dir='ltr'><strong><em>ap-</em></strong></span> 
     </span>
     <span class='ocr_line' id='line_1_27' title="bbox 273 3341 1379 3436; baseline -0.001 -33"><span class='ocrx_word' id='word_1_199' title='bbox 273 3343 404 3424; x_wconf 87' lang='lat' dir='ltr'><strong><em>Epithal.</em></strong></span> <span class='ocrx_word' id='word_1_200' title='bbox 423 3341 532 3404; x_wconf 68' lang='lat' dir='ltr'><strong><em>Putea.</em></strong></span> <span class='ocrx_word' id='word_1_201' title='bbox 546 3351 576 3402; x_wconf 85' lang='lat' dir='ltr'><strong><em>et</em></strong></span> <span class='ocrx_word' id='word_1_202' title='bbox 588 3341 687 3402; x_wconf 85' lang='lat' dir='ltr'><strong><em>Celer.</em></strong></span> <span class='ocrx_word' id='word_1_203' title='bbox 700 3365 729 3402; x_wconf 84' lang='lat' dir='ltr'><strong><em>v.</em></strong></span> <span class='ocrx_word' id='word_1_204' title='bbox 744 3341 793 3403; x_wconf 72' lang='lat'><strong><em>31.</em></strong></span> <span class='ocrx_word' id='word_1_205' title='bbox 859 3352 945 3436; x_wconf 83' lang='lat' dir='ltr'><strong><em>paret</em></strong></span> <span class='ocrx_word' id='word_1_206' title='bbox 959 3364 1014 3404; x_wconf 85' lang='lat' dir='ltr'><strong><em>cur</em></strong></span> <span class='ocrx_word' id='word_1_207' title='bbox 1025 3341 1108 3403; x_wconf 85' lang='lat' dir='ltr'><strong><em>sedes</em></strong></span> <span class='ocrx_word' id='word_1_208' title='bbox 1122 3341 1166 3402; x_wconf 86' lang='lat' dir='ltr'><strong><em>iiii</em></strong></span> <span class='ocrx_word' id='word_1_209' title='bbox 1175 3341 1238 3402; x_wconf 88' lang='lat' dir='ltr'><strong><em>fere</em></strong></span> <span class='ocrx_word' id='word_1_210' title='bbox 1252 3345 1379 3424; x_wconf 83' lang='lat' dir='ltr'><strong><em>propria</em></strong></span> 
     </span>
     <span class='ocr_line' id='line_1_28' title="bbox 275 3422 1382 3506; baseline 0.001 -23"><span class='ocrx_word' id='word_1_211' title='bbox 275 3425 326 3484; x_wconf 82' lang='lat' dir='ltr'><strong><em>ubi</em></strong></span> <span class='ocrx_word' id='word_1_212' title='bbox 346 3425 386 3485; x_wconf 84' lang='lat' dir='ltr'><strong><em>ei.</em></strong></span> <span class='ocrx_word' id='word_1_213' title='bbox 409 3426 529 3492; x_wconf 81' lang='lat' dir='ltr'><strong><em>Gesner.</em></strong></span> <span class='ocrx_word' id='word_1_214' title='bbox 552 3422 601 3483; x_wconf 76' lang='lat' dir='ltr'><strong><em>alii</em></strong></span> <span class='ocrx_word' id='word_1_215' title='bbox 622 3432 655 3492; x_wconf 80' lang='lat' dir='ltr'><strong><em>ut</em></strong></span> <span class='ocrx_word' id='word_1_216' title='bbox 668 3422 792 3486; x_wconf 79' lang='lat' dir='ltr'><strong><em>Procius</em></strong></span> <span class='ocrx_word' id='word_1_217' title='bbox 860 3446 891 3496; x_wconf 80' lang='lat' dir='ltr'><strong><em>tn</em></strong></span> <span class='ocrx_word' id='word_1_218' title='bbox 924 3435 1027 3486; x_wconf 84' lang='lat' dir='ltr'><strong><em>monte</em></strong></span> <span class='ocrx_word' id='word_1_219' title='bbox 1059 3423 1206 3488; x_wconf 76' lang='lat' dir='ltr'><strong><em>Helicone</em></strong></span> <span class='ocrx_word' id='word_1_220' title='bbox 1235 3423 1382 3506; x_wconf 79' lang='lat' dir='ltr'><strong><em>assignata</em></strong></span> 
     </span>
     <span class='ocr_line' id='line_1_29' title="bbox 273 3502 1380 3599; baseline 0.003 -35"><span class='ocrx_word' id='word_1_221' title='bbox 273 3505 304 3579; x_wconf 84' lang='lat' dir='ltr'><strong><em>in</em></strong></span> <span class='ocrx_word' id='word_1_222' title='bbox 316 3503 552 3567; x_wconf 83' lang='lat' dir='ltr'><strong><em>Chrestomathia</em></strong></span> <span class='ocrx_word' id='word_1_223' title='bbox 562 3502 642 3599; x_wconf 84' lang='lat' dir='ltr'><strong><em>apud</em></strong></span> <span class='ocrx_word' id='word_1_224' title='bbox 652 3505 793 3566; x_wconf 88' lang='lat' dir='ltr'><strong><em>Photium</em></strong></span> <span class='ocrx_word' id='word_1_225' title='bbox 858 3505 959 3571; x_wconf 72' lang='lat' dir='ltr'><strong><em>suerit</em></strong></span> <span class='ocrx_word' id='word_1_226' title='bbox 970 3528 1060 3588; x_wconf 74' lang='lat' dir='ltr'><strong><em>genus</em></strong></span> <span class='ocrx_word' id='word_1_227' title='bbox 1073 3525 1132 3588; x_wconf 82' lang='lat' dir='ltr'><strong><em>pro</em></strong></span> <span class='ocrx_word' id='word_1_228' title='bbox 1144 3508 1237 3588; x_wconf 87' lang='lat' dir='ltr'><strong><em>stirpe</em></strong></span> <span class='ocrx_word' id='word_1_229' title='bbox 1247 3505 1380 3590; x_wconf 77' lang='lat' dir='ltr'><strong><em>velfilio</em></strong></span> 
     </span>
     <span class='ocr_line' id='line_1_30' title="bbox 273 3585 1381 3670; baseline 0.003 -25"><span class='ocrx_word' id='word_1_230' title='bbox 273 3608 304 3670; x_wconf 88' lang='lat' dir='ltr'><strong><em>p.</em></strong></span> <span class='ocrx_word' id='word_1_231' title='bbox 325 3587 393 3662; x_wconf 79' lang='lat'>425.</span> <span class='ocrx_word' id='word_1_232' title='bbox 415 3589 584 3669; x_wconf 73' lang='lat' dir='ltr'><strong><em>Hymenaei</em></strong></span> <span class='ocrx_word' id='word_1_233' title='bbox 605 3593 732 3658; x_wconf 80' lang='lat' dir='ltr'><strong><em>matrem</em></strong></span> <span class='ocrx_word' id='word_1_234' title='bbox 752 3585 793 3646; x_wconf 85' lang='lat' dir='ltr'><strong><em>ia·</em></strong></span> <span class='ocrx_word' id='word_1_235' title='bbox 859 3585 971 3648; x_wconf 83' lang='lat' dir='ltr'><strong><em>dicitur</em></strong></span> <span class='ocrx_word' id='word_1_236' title='bbox 991 3587 1106 3670; x_wconf 85' lang='lat' dir='ltr'><strong><em>passim.</em></strong></span> <span class='ocrx_word' id='word_1_237' title='bbox 1127 3587 1334 3648; x_wconf 85' lang='lat' dir='ltr'><strong><em>Senec.·Med.</em></strong></span> <span class='ocrx_word' id='word_1_238' title='bbox 1350 3611 1381 3648; x_wconf 85' lang='lat' dir='ltr'><strong><em>v.</em></strong></span> 
     </span>
     <span class='ocr_line' id='line_1_31' title="bbox 272 3665 1378 3750; baseline -0.002 -20"><span class='ocrx_word' id='word_1_239' title='bbox 272 3669 359 3730; x_wconf 68' lang='lat' dir='ltr'><strong><em>aiunt</em></strong></span> <span class='ocrx_word' id='word_1_240' title='bbox 369 3665 613 3750; x_wconf 86' lang='lat' dir='ltr'><strong><em>Terpsichorem.</em></strong></span> <span class='ocrx_word' id='word_1_241' title='bbox 624 3667 792 3744; x_wconf 85' lang='lat' dir='ltr'><strong><em>Quantum·</em></strong></span> <span class='ocrx_word' id='word_1_242' title='bbox 859 3667 1174 3750; x_wconf 70' lang='lat' dir='ltr'><strong><em>845.Virgii.heneid.</em></strong></span> <span class='ocrx_word' id='word_1_243' title='bbox 1186 3668 1295 3740; x_wconf 56' lang='lat' dir='ltr'><strong><em>xlta.</em></strong></span> <span class='ocrx_word' id='word_1_244' title='bbox 1311 3671 1378 3746; x_wconf 78' lang='lat'>198.</span> 
     </span>
     <span class='ocr_line' id='line_1_32' title="bbox 272 3747 1380 3829; baseline -0.001 -20"><span class='ocrx_word' id='word_1_245' title='bbox 272 3750 317 3810; x_wconf 81' lang='lat' dir='ltr'><strong><em>vis</em></strong></span> <span class='ocrx_word' id='word_1_246' title='bbox 347 3751 428 3808; x_wconf 89' lang='lat' dir='ltr'><strong><em>enim</em></strong></span> <span class='ocrx_word' id='word_1_247' title='bbox 457 3749 490 3808; x_wconf 91' lang='lat' dir='ltr'><strong><em>in</em></strong></span> <span class='ocrx_word' id='word_1_248' title='bbox 519 3758 656 3808; x_wconf 79' lang='lat' dir='ltr'><strong><em>veterum</em></strong></span> <span class='ocrx_word' id='word_1_249' title='bbox 683 3747 792 3829; x_wconf 76' lang='lat' dir='ltr'><strong><em>mythis</em></strong></span> <span class='ocrx_word' id='word_1_250' title='bbox 858 3747 918 3810; x_wconf 86' lang='lat' dir='ltr'><strong><em>vid.</em></strong></span> <span class='ocrx_word' id='word_1_251' title='bbox 949 3752 1145 3809; x_wconf 82' lang='lat' dir='ltr'><strong><em>Burmannus</em></strong></span> <span class='ocrx_word' id='word_1_252' title='bbox 1169 3747 1206 3809; x_wconf 82' lang='lat' dir='ltr'><strong><em>ad</em></strong></span> <span class='ocrx_word' id='word_1_253' title='bbox 1229 3747 1380 3810; x_wconf 83' lang='lat' dir='ltr'><strong><em>Ovidium</em></strong></span> 
     </span>
     <span class='ocr_line' id='line_1_33' title="bbox 272 3829 1380 3912; baseline 0 -22"><span class='ocrx_word' id='word_1_254' title='bbox 272 3830 431 3890; x_wconf 78' lang='lat' dir='ltr'><strong><em>Musas-um</em></strong></span> <span class='ocrx_word' id='word_1_255' title='bbox 441 3829 748 3904; x_wconf 65' lang='lat' dir='ltr'><strong><em>celebrassemus,</em></strong></span> <span class='ocrx_word' id='word_1_256' title='bbox 762 3839 793 3892; x_wconf 87' lang='lat' dir='ltr'><strong><em>et</em></strong></span> <span class='ocrx_word' id='word_1_257' title='bbox 858 3833 982 3892; x_wconf 82' lang='lat' dir='ltr'><strong><em>Metam.</em></strong></span> <span class='ocrx_word' id='word_1_258' title='bbox 1003 3832 1048 3904; x_wconf 83' lang='lat'><strong><em>11,</em></strong></span> <span class='ocrx_word' id='word_1_259' title='bbox 1071 3829 1138 3912; x_wconf 69' lang='lat'><strong>743.</strong></span> <span class='ocrx_word' id='word_1_260' title='bbox 1153 3829 1205 3891; x_wconf 86' lang='lat' dir='ltr'><strong><em>Sic</em></strong></span> <span class='ocrx_word' id='word_1_261' title='bbox 1218 3835 1282 3897; x_wconf 61' lang='grc' dir='ltr'><strong><em>γένος</em></strong></span> <span class='ocrx_word' id='word_1_262' title='bbox 1297 3831 1380 3912; x_wconf 86' lang='lat' dir='ltr'><strong><em>apud</em></strong></span> 
     </span>
     <span class='ocr_line' id='line_1_34' title="bbox 272 3910 1379 3992; baseline 0 -22"><span class='ocrx_word' id='word_1_263' title='bbox 272 3911 336 3991; x_wconf 81' lang='lat' dir='ltr'><strong><em>ipse</em></strong></span> <span class='ocrx_word' id='word_1_264' title='bbox 355 3911 476 3992; x_wconf 86' lang='lat' dir='ltr'><strong><em>Cupido</em></strong></span> <span class='ocrx_word' id='word_1_265' title='bbox 494 3913 593 3972; x_wconf 84' lang='lat' dir='ltr'><strong><em>Musas</em></strong></span> <span class='ocrx_word' id='word_1_266' title='bbox 608 3931 669 3972; x_wconf 84' lang='lat' dir='ltr'><strong><em>ase</em></strong></span> <span class='ocrx_word' id='word_1_267' title='bbox 681 3910 791 3974; x_wconf 78' lang='lat' dir='ltr'><strong><em>vulne-</em></strong></span> <span class='ocrx_word' id='word_1_268' title='bbox 860 3914 1001 3973; x_wconf 82' lang='lat' dir='ltr'><strong><em>Graecos.</em></strong></span> <span class='ocrx_word' id='word_1_269' title='bbox 1020 3911 1082 3972; x_wconf 81' lang='lat' dir='ltr'><strong><em>sid.</em></strong></span> <span class='ocrx_word' id='word_1_270' title='bbox 1098 3913 1218 3971; x_wconf 85' lang='lat' dir='ltr'><strong><em>Ernesti</em></strong></span> <span class='ocrx_word' id='word_1_271' title='bbox 1232 3911 1271 3972; x_wconf 84' lang='lat' dir='ltr'><strong><em>ad</em></strong></span> <span class='ocrx_word' id='word_1_272' title='bbox 1284 3911 1379 3973; x_wconf 74' lang='lat' dir='ltr'><strong><em>catti-</em></strong></span> 
     </span>
     <span class='ocr_line' id='line_1_35' title="bbox 271 3991 1378 4154; baseline 0.006 -20"><span class='ocrx_word' id='word_1_273' title='bbox 271 3991 647 4154; x_wconf 47' lang='lat' dir='ltr'><strong><em>themistii&amp;</em></strong></span> <span class='ocrx_word' id='word_1_274' title='bbox 664 3994 791 4138; x_wconf 60' lang='lat' dir='ltr'><strong><em>{titt</em></strong></span> <span class='ocrx_word' id='word_1_275' title='bbox 857 3991 1257 4139; x_wconf 60' lang='lat' dir='ltr'><strong><em>ttlnfltttittht</em></strong></span> <span class='ocrx_word' id='word_1_276' title='bbox 1271 3992 1378 4140; x_wconf 64' lang='lat' dir='ltr'><strong><em>lini</em></strong></span> 
     </span>
     <span class='ocr_line' id='line_1_36' title="bbox 271 4119 1378 4241; baseline -0.004 -25"><span class='ocrx_word' id='word_1_277' title='bbox 271 4163 371 4218; x_wconf 80' lang='lat' dir='ltr'><strong><em>tamen</em></strong></span> <span class='ocrx_word' id='word_1_278' title='bbox 402 4153 434 4214; x_wconf 91' lang='lat' dir='ltr'><strong><em>in</em></strong></span> <span class='ocrx_word' id='word_1_279' title='bbox 465 4119 608 4217; x_wconf 48' lang='lat' dir='ltr'><strong><em>numero,</em></strong></span> <span class='ocrx_word' id='word_1_280' title='bbox 627 4156 791 4218; x_wconf 82' lang='lat' dir='ltr'><strong><em>novenario</em></strong></span> <span class='ocrx_word' id='word_1_281' title='bbox 858 4157 911 4239; x_wconf 92' lang='lat' dir='ltr'><strong><em>qui</em></strong></span> <span class='ocrx_word' id='word_1_282' title='bbox 952 4155 1128 4218; x_wconf 86' lang='lat' dir='ltr'><strong><em>erhibentur</em></strong></span> <span class='ocrx_word' id='word_1_283' title='bbox 1142 4155 1308 4236; x_wconf 84' lang='lat' dir='ltr'><strong><em>Hymenaei</em></strong></span> <span class='ocrx_word' id='word_1_284' title='bbox 1328 4119 1378 4241; x_wconf 62' lang='lat' dir='ltr'><strong><em>pa3</em></strong></span> 
     </span>
     <span class='ocr_line' id='line_1_37' title="bbox 272 4179 1377 4321; baseline 0 -25"><span class='ocrx_word' id='word_1_285' title='bbox 272 4237 440 4318; x_wconf 86' lang='lat' dir='ltr'><strong><em>reperitur,</em></strong></span> <span class='ocrx_word' id='word_1_286' title='bbox 469 4257 505 4298; x_wconf 82' lang='lat' dir='ltr'><strong><em>ex</em></strong></span> <span class='ocrx_word' id='word_1_287' title='bbox 526 4259 584 4320; x_wconf 86' lang='lat' dir='ltr'><strong><em>qua</em></strong></span> <span class='ocrx_word' id='word_1_288' title='bbox 604 4257 667 4298; x_wconf 90' lang='lat' dir='ltr'><strong><em>non</em></strong></span> <span class='ocrx_word' id='word_1_289' title='bbox 686 4236 791 4321; x_wconf 85' lang='lat' dir='ltr'><strong><em>aliquis</em></strong></span> <span class='ocrx_word' id='word_1_290' title='bbox 858 4179 994 4298; x_wconf 72' lang='lat' dir='ltr'><strong><em>renuhus</em></strong></span> <span class='ocrx_word' id='word_1_291' title='bbox 1019 4237 1078 4300; x_wconf 83' lang='lat' dir='ltr'><strong><em>vid.</em></strong></span> <span class='ocrx_word' id='word_1_292' title='bbox 1102 4235 1142 4304; x_wconf 80' lang='lat' dir='ltr'><strong><em>dt:</em></strong></span> <span class='ocrx_word' id='word_1_293' title='bbox 1161 4235 1194 4296; x_wconf 87' lang='lat' dir='ltr'><strong><em>ln</em></strong></span> <span class='ocrx_word' id='word_1_294' title='bbox 1216 4237 1318 4298; x_wconf 84' lang='lat' dir='ltr'><strong><em>Cerdn</em></strong></span> <span class='ocrx_word' id='word_1_295' title='bbox 1337 4236 1377 4296; x_wconf 88' lang='lat' dir='ltr'><strong><em>ad</em></strong></span> 
     </span>
     <span class='ocr_line' id='line_1_38' title="bbox 273 4318 1244 4403; baseline -0.002 -25"><span class='ocrx_word' id='word_1_296' title='bbox 273 4319 385 4384; x_wconf 75' lang='lat' dir='ltr'><strong><em>furtivo</em></strong></span> <span class='ocrx_word' id='word_1_297' title='bbox 399 4318 562 4382; x_wconf 68' lang='lat' dir='ltr'><strong><em>concubitu</em></strong></span> <span class='ocrx_word' id='word_1_298' title='bbox 575 4327 727 4401; x_wconf 82' lang='lat' dir='ltr'><strong><em>susceptus</em></strong></span> <span class='ocrx_word' id='word_1_299' title='bbox 741 4319 792 4380; x_wconf 91' lang='lat' dir='ltr'><strong><em>di·</em></strong></span> <span class='ocrx_word' id='word_1_300' title='bbox 857 4321 946 4403; x_wconf 81' lang='lat' dir='ltr'><strong><em>Virg.</em></strong></span> <span class='ocrx_word' id='word_1_301' title='bbox 967 4323 1041 4382; x_wconf 83' lang='lat' dir='ltr'><strong><em>hen.</em></strong></span> <span class='ocrx_word' id='word_1_302' title='bbox 1063 4319 1126 4396; x_wconf 79' lang='lat' dir='ltr'><strong><em>tv,</em></strong></span> <span class='ocrx_word' id='word_1_303' title='bbox 1145 4341 1175 4379; x_wconf 80' lang='lat' dir='ltr'><strong><em>v.</em></strong></span> <span class='ocrx_word' id='word_1_304' title='bbox 1195 4333 1244 4399; x_wconf 71' lang='grc'><strong><em>99.</em></strong></span> 
     </span>
    </p>
   </div>
   <div class='ocr_carea' id='block_1_8' title="bbox 0 0 1504 5108">
    <p class='ocr_par' dir='ltr' id='par_1_8' title="bbox 0 0 1504 5108">
     <span class='ocr_line' id='line_1_39' title="bbox 0 0 1504 5108; baseline 0 0"><span class='ocrx_word' id='word_1_305' title='bbox 0 0 1504 5108; x_wconf 95' lang='lat' dir='ltr'><strong><em> </em></strong></span> 
     </span>
    </p>
   </div>
  </div>
 </body>
</html>
