3036 5114
372 297 435 355 xu
806 301 1041 362 PRAEFATIO

368 505 562 594 excussis
585 524 631 596 et
659 507 706 597 iu
726 525 880 632 partes
899 507 1062 600 vocatis
1085 510 1348 606 lectionibus
1372 549 1466 608 om-

323 641 328 652 ’
368 649 523 744 nibus*
554 651 678 742 nullo
702 651 837 743 modo
855 653 954 745 elici
977 674 1021 746 et
1042 664 1294 783 extorqueri
1320 685 1464 789 posset

366 835 516 894 sensus
540 800 823 917 commodus,
845 799 907 892 ibi
924 803 989 894 vel
1009 805 1056 896 in
1072 807 1191 896 notis
1209 807 1276 898 vel
1296 811 1342 900 in
1359 807 1463 905 Var.

364 945 486 1042 lect.
505 947 625 1074 quod
646 947 702 1041 ad
721 949 873 1054 locunt
881 947 1138 1041 sanandum
1154 952 1463 1081 suppeditabat

362 1097 617 1218 ingenium,
650 1094 844 1186 modeste
872 1098 1105 1222 proposui,
1134 1097 1383 1224 longissime
1405 1104 1461 1195 ab

360 1239 447 1333 hac
466 1243 711 1334 temeritate
727 1261 947 1353 remotuS,
971 1261 1022 1332 ut
1044 1245 1372 1364 coniecturam,
1396 1251 1461 1342 vel

358 1389 568 1516 maxime,
576 1385 884 1517 probabilitate
902 1419 946 1477 se
967 1386 1382 1510 commendantem,
1413 1396 1459 1486 in

357 1553 529 1624 textum
570 1535 869 1662 importarem.
967 1531 1120 1659 Neque
1161 1567 1240 1658 ego
1280 1557 1460 1654 tamen,

357 1712 631 1804 quamquam
671 1683 718 1772 iu
758 1679 879 1806 larga
917 1681 1276 1774 coniecturarum
1316 1703 1460 1807 segete

357 1829 543 1953 spectari
568 1827 697 1951 vulgo
720 1825 828 1918 solet
850 1826 1014 1950 ingenii
1034 1824 1210 1919 ubertas
1232 1847 1279 1918 et
1302 1825 1459 1922 fertili-

355 1989 443 2084 tas,
461 2006 487 2064 a
506 1991 680 2099 recepto
694 1971 802 2066 milri
815 1991 980 2064 veteres
997 1969 1313 2098 interpretandi
1331 2003 1459 2066 more

352 2123 508 2213 recessi
530 2142 609 2212 aut
631 2124 679 2215 in
702 2139 928 2249 posterum
952 2117 1181 2230 recedam,
1212 2117 1268 2212 ad
1294 2154 1458 2246 quem,

352 2271 388 2361 si
429 2269 517 2361 ullo
556 2272 727 2362 ratione
763 2267 962 2398 expediri
1006 2286 1050 2357 et
1094 2268 1457 2396 interpretatione

350 2416 492 2507 iuvari
522 2437 666 2541 potest
694 2416 817 2508 locus
846 2412 1066 2506 dillicilior
1089 2432 1134 2502 et
1155 2414 1288 2540 paulo
1311 2419 1456 2546 impe-

351 2559 504 2675 ditior,
524 2558 642 2653 haud
658 2581 818 2654 temere
836 2560 962 2653 illum
981 2591 1093 2652 nova
1111 2555 1252 2650 sorma
1271 2559 1459 2655 induere

352 2707 519 2822 audeo,
541 2708 752 2835 quicquid
774 2709 847 2800 alii
872 2703 926 2798 de
950 2708 1113 2830 ingenii
1132 2709 1218 2799 mei
1242 2707 1457 2802 tarditate

351 2853 563 2950 iudicent.
596 2855 884 2984 Speravernm
902 2852 1106 2980 quidem,
1129 2889 1233 2948 cum
1252 2855 1309 2948 ad
1323 2891 1458 2952 enar-

338 3005 568 3095 rationem
592 3001 758 3094 Catulli
783 3004 1056 3124 accingerer,
1080 3033 1152 3092 me
1175 2999 1310 3115 sorte,
1339 3037 1456 3098 con-

332 3183 472 3240 ·cesso
506 3151 615 3242 mihi
649 3183 732 3241 usu
767 3147 945 3241 Codicis
978 3147 1243 3264 Catulliani,
1288 3154 1365 3276 qui
1403 3157 1458 3248 in

349 3292 620 3387 Bibliotheca
645 3291 988 3420 Guelferbytana
1013 3315 1233 3412 servatur,
1269 3295 1324 3388 ad
1350 3317 1458 3394 tex-

350 3461 448 3532 tum
474 3437 818 3533 emendatiorem
847 3439 1120 3532 reddendum
1150 3439 1314 3565 aliquid
1339 3477 1458 3536 con-

349 3591 461 3680 ferre
487 3622 635 3716 posse3
669 3585 743 3679 sed
772 3622 875 3680 cum
898 3586 966 3682 Cl.
995 3589 1303 3710 Wernsdors,
1338 3586 1457 3683 Pro-

347 3741 480 3855 lcssor
507 3733 890 3848 llelmstadiensis,
926 3736 1152 3860 diligenter
1180 3737 1265 3828 hoe
1293 3737 1456 3832 codice

347 3886 627 3999 examinato,
650 3881 758 3975 nihil
782 3883 912 4010 plane
931 3879 1074 3974 bonae
1094 3881 1227 4006 frugis
1247 3880 1350 3974 inde
1365 3917 1454 3978 ca-

345 4061 450 4157 pere
477 4061 600 4155 posse
630 4029 829 4122 futuroru
858 4027 1024 4122 Catulli
1047 4028 1259 4121 editorem
1281 4027 1456 4122 huma-

215 4243 222 4258 ·
345 4179 523 4272 nissime
543 4177 654 4272 mihi
679 4177 985 4306 significasset,
1004 4210 1128 4313 spem
1147 4175 1269 4274 illam
1287 4174 1453 4282 abieci,
1496 4165 1498 4168 ⁵
