3000 5108
515 363 696 454 csnunn*
724 362 787 424 nv.
1119 355 1206 454 ¹²7

471 667 720 746 CARMEN
762 669 841 746 LV.

504 844 555 898 so
593 841 803 900 ennunivu.

97 1027 226 1114 Quaerit
249 1049 293 1090 οι·
315 1027 475 1103 cenato,
502 1049 591 1112 quesn
604 1031 730 1113 frustra
758 1026 865 1112 ubique
889 1028 1024 1091 locorum
1049 1033 1214 1115 exquirere

138 1139 168 1184 et
190 1121 237 1183 ael
265 1141 413 1183 summam
437 1143 529 1206 usque
552 1121 802 1206 defatigationem
829 1125 886 1184 lsuo
913 1123 986 1185 illue
1010 1123 1216 1187 discurrendo

138 1217 293 1299 indagare
306 1214 481 1288 studuerat,
498 1236 558 1298 quo
572 1215 696 1277 tandem
714 1216 849 1278 locorum
864 1216 976 1288 lateat,
1001 1238 1097 1299 quave
1107 1217 1214 1298 puella

137 1309 329 1381 dedroeatur,
348 1329 474 1390 eumque
493 1309 641 1370 audacter
656 1311 713 1370 silsi
731 1312 917 1370 committere
936 1322 964 1370 et
981 1310 1090 1391 polam
1101 1312 1216 1396 faeere

135 1401 216 1462 iubet
236 1421 395 1474 amorem,
409 1404 464 1484 qni
479 1405 581 1485 utique
596 1405 695 1466 amico
716 1406 863 1464 sermonis
873 1403 1007 1485 gaudeat
1021 1405 1216 1476 commercio,

135 1497 199 1556 nisi
216 1493 348 1556 tacendo
361 1507 390 1555 et
401 1495 584 1557 occultando
601 1497 718 1558 sibimet
737 1499 801 1582 sisse
820 1500 882 1558 eius
892 1497 1017 1581 fructus
1035 1497 1217 1579 intercipere

134 1588 217 1648 velit.
227 1620 249 1634 -
262 1589 379 1648 Contra
391 1588 470 1670 leges
483 1588 728 1669 hendecasyllabi
741 1593 860 1673 saepius
868 1592 902 1651 in
914 1587 1134 1650 secunda-sede
1145 1591 1210 1649 lsu·

133 1683 183 1742 ius
191 1683 339 1742 carminis
348 1703 409 1766 pro
421 1681 548 1763 etmsyto
560 1687 686 1767 ponitur
694 1685 887 1768 spondaeus,
906 1705 966 1768 quo
976 1683 1098 1766 quidem
1113 1704 1213 1744 versus

133 1799 246 1860 gessere
263 1791 293 1838 et
312 1779 444 1838 numeris
462 1779 670 1861 tardigradis,
692 1782 791 1864 ipsam
813 1778 950 1853 Catulli,
971 1800 1064 1861 quam
1077 1780 1216 1839 circuni-¹

139 1873 295 1935 eursando
312 1875 368 1934 ss'ln'
388 1887 603 1950 contraxerat,
631 1875 837 1936 lassitudinem
859 1896 1038 1958 eaepressans
1065 1897 1126 1936 esse
1152 1896 1214 1934 non

138 1972 242 2054 inepte
259 1984 348 2053 putat
380 1973 511 2032 Vossius.
551 1970 613 2031 Sed
633 1993 702 2033 cum
725 1970 783 2031 alii
804 1970 896 2030 seimis
912 1968 1139 2052 offenderentur
1156 1971 1214 2032 lsoe

137 2065 327 2128 insecundo
353 2065 425 2127 sesle
445 2067 547 2152 posito
566 2065 739 2150 spondaeo,
763 2065 839 2137 alii,
869 2076 902 2125 ut
925 2066 1086 2138 Vossius,¹
1102 2068 1135 2126 in
1158 2066 1214 2126 illo

138 2163 291 2226 mando
318 2177 347 2224 et
372 2161 580 2246 exsculpendo
601 2163 692 2222 nisnis
712 2160 769 2220 sibi
787 2158 993 2242 indulgerent,
1012 2160 1091 2223 adeo
1115 2163 1215 2224 Criti-

139 2277 247 2318 eerum
270 2278 379 2318 manus
398 2259 431 2317 in
452 2256 591 2318 lectiones
613 2257 700 2316 huius
721 2257 868 2316 carminis
888 2255 1013 2328 saeviit,
1036 2268 1065 2315 et
1077 2277 1137 2338 pro
1158 2277 1217 2316 suo

137 2355 267 2434 quisque
279 2351 404 2412 orlsitrio
424 2365 454 2411 et
475 2371 564 2412 aures
581 2349 767 2410 demuloente
784 2368 978 2408 nusnesurum
997 2347 1122 2408 modulo
1142 2347 1216 2409 illos

138 2442 285 2524 dsffinxit
305 2443 386 2516 (sid.
410 2446 486 2506 Vas.
500 2445 603 2519 Leet.)
626 2458 659 2505 ut
674 2445 801 2526 ants'qua
821 2453 850 2503 et
867 2444 999 2524 genitinis
1021 2442 1109 2501 huius
1135 2461 1216 2500 eor-

139 2538 233 2596 mitu's
240 2537 355 2618 sorana
376 2537 431 2599 uix
443 2559 523 2602 nuno
535 2540 652 2600 restitui
666 2553 695 2601 et
714 2539 753 2600 ab
770 2535 926 2619 adspersis
942 2536 1069 2598 maculis
1078 2535 1214 2618 purgari

133 2652 225 2716 posse
244 2629 391 2694 videatur.

97 2731 321 2908 Oramus,
339 2817 367 2891 si
385 2819 478 2940 forte
496 2843 570 2894 non
587 2819 786 2895 molestum
803 2793 888 2910 est,

99 2935 341 3010 Demonstres
357 2935 422 3010 ubi
438 2937 511 3010 sint
526 2941 614 3012 tuae
631 2937 817 3011 tenebrae.

126 3135 161 3189 V.
182 3153 205 3186 ι.
224 3135 296 3204 Oro,
314 3141 338 3190 si
347 3135 426 3208 fhrte
441 3135 510 3192 Stet.
528 3135 661 3200 Oresnus,
682 3137 727 3191 tibi
741 3135 820 3210 sorte
835 3137 866 3189 ni
879 3135 1013 3192 missam
1029 3147 1068 3190 est
1084 3133 1202 3193 Gronov.

93 3219 129 3274 ad
145 3218 205 3270 Lis.
223 3217 288 3280 vlt,
309 3218 347 3271 13.
399 3219 432 3272 V.
447 3237 470 3272 ι.
489 3233 549 3271 tuae
565 3221 679 3274 latelrae
696 3219 801 3292 Gryph.
819 3220 915 3274 ntusee
950 3221 1051 3276 Eodem
1068 3223 1148 3276 inodo
1164 3239 1210 3275 ve·
1294 3267 1303 3282 ,

93 3301 167 3354 sieut
184 3297 246 3350 libri
265 3299 334 3367 spisd
351 3297 419 3353 Stet.
438 3299 536 3354 Achitt.
554 3300 594 3366 11,
612 3295 670 3365 ²43·
688 3299 736 3354 ubi
754 3319 802 3370 pro
818 3300 926 3352 &nebris
938 3298 1005 3354 cod.
1018 3299 1094 3354 Voss.
1106 3302 1212 3355 latebris

94 3381 184 3434 offert.
195 3382 230 3436 el.
243 3380 364 3434 Burmsu.
381 3381 439 3436 See.
456 3380 490 3434 sd
507 3379 618 3434 Autlsol.
635 3381 668 3434 Τ.
686 3380 715 3450 l,
732 3399 758 3451 p.
779 3395 821 3444 70.
833 3393 893 3432 tuae
909 3381 1030 3434 tales-nm
1042 3401 1074 3436 οι
1086 3385 1207 3454 entique,

93 3468 126 3512 ut
144 3461 194 3518 sit,
216 3460 349 3529 scriptun
370 3461 476 3530 reponit
497 3460 609 3528 Sesiig„
635 3477 714 3531 quem
733 3459 872 3513 lectionem
893 3457 989 3530 probat
1006 3459 1116 3530 Vulpius
1133 3487 1167 3500 -
1183 3468 1213 3514 st

92 3547 185 3593 nostre
201 3537 389 3611 multosptios
411 3547 471 3602 est,
498 3546 527 3592 et
544 3541 642 3592 nititur
659 3541 813 3593 snctotitste
836 3537 868 3591 L.
885 3537 963 3592 MSS.
981 3546 1008 3591 et
1026 3541 1146 3594 οιιιιιὶιιιιι
1163 3557 1212 3592 ιιι-

133 3707 179 3767 V.
205 3729 231 3769 ι.
253 3709 452 3791 siJ‘ortenon
469 3707 543 3770 mol.
563 3720 618 3768 est.
690 3715 830 3793 apparet,
853 3707 934 3770 haud
958 3707 1053 3770 dubie·
1074 3707 1215 3770 innuitur

90 3787 212 3849 urbana
235 3795 266 3850 et
286 3799 410 3851 venuste
432 3811 489 3872 per
512 3809 618 3870 preces
688 3790 817 3876 lupanar
840 3785 965 3874 aliquod
972 3813 981 3861 ;
1000 3791 1032 3851 iu
1054 3790 1129 3852 locis
1152 3789 1211 3850 sb-

87 3867 209 3953 aliquid
229 3869 411 3954 impetmndi
429 3871 558 3934 turmula
579 3871 618 3930 ef.
690 3873 760 3936 ditis
775 3874 877 3947 euim,
904 3881 970 3934 eta
996 3872 1065 3934 luce
1090 3869 1213 3954 publiea

91 3951 189 4014 Mart.
215 3952 248 4028 l,
275 3972 330 4036 97,
362 3976 387 4015 1.
411 3954 465 4020 sis
489 3952 617 4046 §suecis
663 3961 666 3970 ’
690 3953 918 4097 gnesiremotis,
931 3947 1213 4036 opernm'suamud·

90 4039 113 4088 ἢ
130 4043 159 4088 et
174 4043 208 4103 ,st
225 4041 298 4092 tuest.
714 4036 795 4098 icere
813 4035 948 4097 solebant
963 4045 1119 4118 quaestum
1139 4056 1214 4096 cor-

132 4115 175 4176 V.
196 4136 227 4176 ι.
268 4117 463 4178 Demonstres
485 4116 536 4177 ubi
560 4121 620 4180 sint
665 4118 670 4142 ²
733 4137 767 4178 se
800 4119 942 4179 facientes
981 4117 1212 4190 meretriculae,

88 4211 164 4258 tisae
189 4198 344 4272 tenebrae,
372 4197 403 4258 h.
426 4219 452 4259 e.
473 4221 535 4282 quo
556 4199 618 4262 ob—
716 4199 766 4261 ine
781 4200 918 4262 homines
930 4199 1084 4260 libidinosi
1100 4199 1214 4260 dicun-

91 4299 187 4339 scuro
207 4289 239 4339 et
259 4279 408 4342 latebroso
426 4279 495 4342 loeo
515 4280 619 4355 lateas3
691 4289 743 4342 tur
757 4284 837 4364 apud
850 4281 990 4342 Plautum
1006 4281 1093 4342 naen
1105 4280 1215 4356 tius,

92 4379 151 4443 per
164 4363 315 4438 umbras,
328 4372 363 4424 ut
375 4383 414 4426 οι
426 4365 621 4447 sequentibus
692 4385 731 4430 ao
745 4363 778 4425 in
791 4365 865 4428 loeis
877 4364 1032 4428 latebrosis
1042 4362 1170 4430 sessui.
