<?xml version="1.0" encoding="UTF-8"?>
<!DOCTYPE html PUBLIC "-//W3C//DTD XHTML 1.0 Transitional//EN"
    "http://www.w3.org/TR/xhtml1/DTD/xhtml1-transitional.dtd">
<html xmlns="http://www.w3.org/1999/xhtml" xml:lang="en" lang="en">
 <head>
  <title>
</title>
<meta http-equiv="Content-Type" content="text/html;charset=utf-8" />
  <meta name='ocr-system' content='tesseract 3.04.00' />
  <meta name='ocr-capabilities' content='ocr_page ocr_carea ocr_par ocr_line ocrx_word'/>
</head>
<body>
  <div class='ocr_page' id='page_1' title='image "./cvaleriicatulli03catugoog_0316.png"; bbox 0 0 2992 5116; ppageno 0'>
   <div class='ocr_carea' id='block_1_1' title="bbox 527 273 1241 372">
    <p class='ocr_par' dir='ltr' id='par_1_1' title="bbox 527 273 1241 372">
     <span class='ocr_line' id='line_1_1' title="bbox 527 273 1241 372; baseline 0.004 -5"><span class='ocrx_word' id='word_1_1' title='bbox 527 305 703 368; x_wconf 73' lang='lat' dir='ltr'><strong><em>osunen</em></strong></span> <span class='ocrx_word' id='word_1_2' title='bbox 737 307 852 368; x_wconf 73' lang='lat' dir='ltr'><strong><em>txvt.</em></strong></span> <span class='ocrx_word' id='word_1_3' title='bbox 1147 273 1241 372; x_wconf 79' lang='lat'><strong><em>253</em></strong></span> 
     </span>
    </p>
   </div>
   <div class='ocr_carea' id='block_1_2' title="bbox 431 599 895 724">
    <p class='ocr_par' dir='ltr' id='par_1_2' title="bbox 431 599 895 724">
     <span class='ocr_line' id='line_1_2' title="bbox 431 599 895 724; baseline 0.004 -44"><span class='ocrx_word' id='word_1_4' title='bbox 431 713 438 724; x_wconf 33' lang='lat'>.</span> <span class='ocrx_word' id='word_1_5' title='bbox 481 599 726 680; x_wconf 81' lang='lat' dir='ltr'><strong>CARMEN</strong></span> <span class='ocrx_word' id='word_1_6' title='bbox 766 599 895 683; x_wconf 77' lang='lat' dir='ltr'><strong><em>vat.</em></strong></span> 
     </span>
    </p>
   </div>
   <div class='ocr_carea' id='block_1_3' title="bbox 420 799 955 910">
    <p class='ocr_par' dir='ltr' id='par_1_3' title="bbox 420 799 955 910">
     <span class='ocr_line' id='line_1_3' title="bbox 420 799 955 910; baseline -0.011 -48"><span class='ocrx_word' id='word_1_7' title='bbox 420 800 477 862; x_wconf 74' lang='lat' dir='ltr'><strong><em>DE</em></strong></span> <span class='ocrx_word' id='word_1_8' title='bbox 516 799 641 861; x_wconf 67' lang='lat' dir='ltr'><strong><em>cotto</em></strong></span> <span class='ocrx_word' id='word_1_9' title='bbox 668 799 955 910; x_wconf 72' lang='grc' dir='ltr'><strong><em>ΙΒΕΙὶΕΝΙΕΕδο</em></strong></span> 
     </span>
    </p>
   </div>
   <div class='ocr_carea' id='block_1_4' title="bbox 138 977 1241 4370">
    <p class='ocr_par' dir='ltr' id='par_1_4' title="bbox 138 977 1241 4370">
     <span class='ocr_line' id='line_1_4' title="bbox 138 977 1238 1067; baseline 0.002 -21"><span class='ocrx_word' id='word_1_10' title='bbox 138 986 215 1058; x_wconf 76' lang='lat' dir='ltr'><strong><em>Cum</em></strong></span> <span class='ocrx_word' id='word_1_11' title='bbox 235 1003 358 1052; x_wconf 74' lang='lat' dir='ltr'><strong><em>carmon</em></strong></span> <span class='ocrx_word' id='word_1_12' title='bbox 375 999 516 1064; x_wconf 69' lang='lat' dir='ltr'><strong><em>graecum</em></strong></span> <span class='ocrx_word' id='word_1_13' title='bbox 539 984 739 1058; x_wconf 77' lang='lat' dir='ltr'><strong><em>Callimachi,</em></strong></span> <span class='ocrx_word' id='word_1_14' title='bbox 770 984 854 1067; x_wconf 83' lang='lat' dir='ltr'><strong><em>quod</em></strong></span> <span class='ocrx_word' id='word_1_15' title='bbox 871 982 1008 1067; x_wconf 81' lang='lat' dir='ltr'><strong><em>precibus</em></strong></span> <span class='ocrx_word' id='word_1_16' title='bbox 1028 977 1156 1044; x_wconf 75' lang='lat' dir='ltr'><strong><em>Hortali</em></strong></span> <span class='ocrx_word' id='word_1_17' title='bbox 1175 980 1238 1044; x_wconf 81' lang='lat' dir='ltr'><strong><em>ad·</em></strong></span> 
     </span>
     <span class='ocr_line' id='line_1_5' title="bbox 177 1074 1241 1162; baseline -0.004 -24"><span class='ocrx_word' id='word_1_18' title='bbox 177 1077 283 1144; x_wconf 83' lang='lat' dir='ltr'><strong><em>ductus</em></strong></span> <span class='ocrx_word' id='word_1_19' title='bbox 308 1079 411 1138; x_wconf 86' lang='lat' dir='ltr'><strong><em>latinis</em></strong></span> <span class='ocrx_word' id='word_1_20' title='bbox 438 1081 571 1140; x_wconf 85' lang='lat' dir='ltr'><strong><em>numeris</em></strong></span> <span class='ocrx_word' id='word_1_21' title='bbox 594 1081 767 1162; x_wconf 72' lang='lat' dir='ltr'><strong><em>exprimere</em></strong></span> <span class='ocrx_word' id='word_1_22' title='bbox 794 1079 907 1138; x_wconf 88' lang='lat' dir='ltr'><strong><em>studuit</em></strong></span> <span class='ocrx_word' id='word_1_23' title='bbox 934 1074 1085 1146; x_wconf 77' lang='lat' dir='ltr'><em>Catullus,</em></span> <span class='ocrx_word' id='word_1_24' title='bbox 1117 1075 1161 1136; x_wconf 86' lang='lat' dir='ltr'><strong><em>ad</em></strong></span> <span class='ocrx_word' id='word_1_25' title='bbox 1186 1096 1241 1135; x_wconf 82' lang='lat' dir='ltr'><strong><em>nos</em></strong></span> 
     </span>
     <span class='ocr_line' id='line_1_6' title="bbox 177 1171 1240 1258; baseline -0.007 -22"><span class='ocrx_word' id='word_1_26' title='bbox 177 1197 237 1242; x_wconf 91' lang='lat' dir='ltr'><strong><em>non</em></strong></span> <span class='ocrx_word' id='word_1_27' title='bbox 254 1178 436 1257; x_wconf 84' lang='lat' dir='ltr'><strong><em>pervenerit,</em></strong></span> <span class='ocrx_word' id='word_1_28' title='bbox 455 1175 640 1258; x_wconf 85' lang='lat' dir='ltr'><strong><em>facultatem</em></strong></span> <span class='ocrx_word' id='word_1_29' title='bbox 660 1175 733 1234; x_wconf 84' lang='lat' dir='ltr'><strong><em>inde</em></strong></span> <span class='ocrx_word' id='word_1_30' title='bbox 751 1175 835 1234; x_wconf 84' lang='lat' dir='ltr'><strong><em>nolis</em></strong></span> <span class='ocrx_word' id='word_1_31' title='bbox 854 1186 882 1232; x_wconf 93' lang='lat' dir='ltr'><strong><em>et</em></strong></span> <span class='ocrx_word' id='word_1_32' title='bbox 902 1171 1098 1253; x_wconf 80' lang='lat' dir='ltr'><strong><em>voluptatem,</em></strong></span> <span class='ocrx_word' id='word_1_33' title='bbox 1125 1191 1168 1232; x_wconf 79' lang='lat' dir='ltr'><strong><em>ox</em></strong></span> <span class='ocrx_word' id='word_1_34' title='bbox 1187 1174 1240 1230; x_wconf 90' lang='lat' dir='ltr'><strong><em>in-</em></strong></span> 
     </span>
     <span class='ocr_line' id='line_1_7' title="bbox 176 1262 1239 1350; baseline -0.005 -24"><span class='ocrx_word' id='word_1_35' title='bbox 176 1269 278 1328; x_wconf 87' lang='lat' dir='ltr'><strong><em>stituta</em></strong></span> <span class='ocrx_word' id='word_1_36' title='bbox 310 1288 377 1328; x_wconf 89' lang='lat' dir='ltr'><strong><em>cum</em></strong></span> <span class='ocrx_word' id='word_1_37' title='bbox 403 1269 538 1328; x_wconf 82' lang='lat' dir='ltr'><strong><em>carmine</em></strong></span> <span class='ocrx_word' id='word_1_38' title='bbox 562 1289 671 1348; x_wconf 79' lang='lat' dir='ltr'><strong><em>graeco</em></strong></span> <span class='ocrx_word' id='word_1_39' title='bbox 699 1268 926 1350; x_wconf 87' lang='lat' dir='ltr'><strong><em>comparatione</em></strong></span> <span class='ocrx_word' id='word_1_40' title='bbox 949 1277 1013 1324; x_wconf 89' lang='lat' dir='ltr'><strong><em>tam</em></strong></span> <span class='ocrx_word' id='word_1_41' title='bbox 1039 1262 1239 1324; x_wconf 83' lang='lat' dir='ltr'><strong><em>constituendi</em></strong></span> 
     </span>
     <span class='ocr_line' id='line_1_8' title="bbox 177 1359 1239 1446; baseline -0.003 -26"><span class='ocrx_word' id='word_1_42' title='bbox 177 1363 263 1422; x_wconf 82' lang='lat' dir='ltr'><strong><em>luins</em></strong></span> <span class='ocrx_word' id='word_1_43' title='bbox 281 1364 425 1432; x_wconf 79' lang='lat' dir='ltr'><strong><em>carminis</em></strong></span> <span class='ocrx_word' id='word_1_44' title='bbox 451 1366 665 1442; x_wconf 70' lang='lat' dir='ltr'><strong><em>integritatem,</em></strong></span> <span class='ocrx_word' id='word_1_45' title='bbox 699 1384 790 1444; x_wconf 87' lang='lat' dir='ltr'><strong><em>quam</em></strong></span> <span class='ocrx_word' id='word_1_46' title='bbox 815 1359 1005 1446; x_wconf 80' lang='lat' dir='ltr'><strong><em>percipiendi</em></strong></span> <span class='ocrx_word' id='word_1_47' title='bbox 1032 1377 1149 1419; x_wconf 84' lang='lat' dir='ltr'><strong><em>omnem</em></strong></span> <span class='ocrx_word' id='word_1_48' title='bbox 1176 1362 1239 1418; x_wconf 90' lang='lat' dir='ltr'><strong><em>eius</em></strong></span> 
     </span>
     <span class='ocr_line' id='line_1_9' title="bbox 177 1455 1240 1542; baseline -0.001 -22"><span class='ocrx_word' id='word_1_49' title='bbox 177 1456 354 1540; x_wconf 69' lang='lat' dir='ltr'><strong><em>elegantiam</em></strong></span> <span class='ocrx_word' id='word_1_50' title='bbox 375 1473 507 1542; x_wconf 87' lang='lat' dir='ltr'><strong><em>ereptorn</em></strong></span> <span class='ocrx_word' id='word_1_51' title='bbox 528 1481 604 1533; x_wconf 81' lang='lat' dir='ltr'><strong><em>esse,</em></strong></span> <span class='ocrx_word' id='word_1_52' title='bbox 627 1459 715 1524; x_wconf 75' lang='lat' dir='ltr'><strong><em>valde</em></strong></span> <span class='ocrx_word' id='word_1_53' title='bbox 733 1457 899 1529; x_wconf 71' lang='lat' dir='ltr'><strong><em>dolendsm</em></strong></span> <span class='ocrx_word' id='word_1_54' title='bbox 919 1468 970 1516; x_wconf 85' lang='lat' dir='ltr'><strong><em>est.</em></strong></span> <span class='ocrx_word' id='word_1_55' title='bbox 991 1487 1011 1500; x_wconf 93' lang='lat'>-</span> <span class='ocrx_word' id='word_1_56' title='bbox 1026 1455 1165 1534; x_wconf 72' lang='lat' dir='ltr'><strong><em>Loquens</em></strong></span> <span class='ocrx_word' id='word_1_57' title='bbox 1180 1475 1240 1535; x_wconf 83' lang='lat' dir='ltr'><strong><em>pet·</em></strong></span> 
     </span>
     <span class='ocr_line' id='line_1_10' title="bbox 176 1553 1239 1632; baseline -0.008 -14"><span class='ocrx_word' id='word_1_58' title='bbox 176 1569 268 1618; x_wconf 89' lang='lat' dir='ltr'><strong><em>totum</em></strong></span> <span class='ocrx_word' id='word_1_59' title='bbox 299 1558 355 1616; x_wconf 80' lang='lat' dir='ltr'><strong><em>loc</em></strong></span> <span class='ocrx_word' id='word_1_60' title='bbox 383 1577 506 1616; x_wconf 89' lang='lat' dir='ltr'><strong><em>carmen</em></strong></span> <span class='ocrx_word' id='word_1_61' title='bbox 535 1555 689 1615; x_wconf 78' lang='lat' dir='ltr'><strong><em>inducitur</em></strong></span> <span class='ocrx_word' id='word_1_62' title='bbox 720 1554 815 1613; x_wconf 89' lang='lat' dir='ltr'><strong><em>Coma</em></strong></span> <span class='ocrx_word' id='word_1_63' title='bbox 846 1553 1020 1622; x_wconf 75' lang='lat' dir='ltr'><strong><em>Berenices,</em></strong></span> <span class='ocrx_word' id='word_1_64' title='bbox 1053 1570 1146 1630; x_wconf 78' lang='lat' dir='ltr'><strong><em>quae,</em></strong></span> <span class='ocrx_word' id='word_1_65' title='bbox 1180 1569 1239 1632; x_wconf 82' lang='lat' dir='ltr'><strong><em>quo</em></strong></span> 
     </span>
     <span class='ocr_line' id='line_1_11' title="bbox 175 1643 1239 1723; baseline -0.008 -11"><span class='ocrx_word' id='word_1_66' title='bbox 175 1672 261 1712; x_wconf 77' lang='lat' dir='ltr'><strong><em>causa</em></strong></span> <span class='ocrx_word' id='word_1_67' title='bbox 281 1651 397 1711; x_wconf 79' lang='lat' dir='ltr'><strong><em>Veneri</em></strong></span> <span class='ocrx_word' id='word_1_68' title='bbox 416 1649 529 1723; x_wconf 81' lang='lat' dir='ltr'><strong><em>dicatu,</em></strong></span> <span class='ocrx_word' id='word_1_69' title='bbox 559 1647 668 1714; x_wconf 82' lang='lat' dir='ltr'><strong><em>deinde</em></strong></span> <span class='ocrx_word' id='word_1_70' title='bbox 694 1648 773 1710; x_wconf 86' lang='lat' dir='ltr'><strong><em>inter</em></strong></span> <span class='ocrx_word' id='word_1_71' title='bbox 792 1646 864 1712; x_wconf 82' lang='lat' dir='ltr'><strong><em>deos</em></strong></span> <span class='ocrx_word' id='word_1_72' title='bbox 884 1643 992 1720; x_wconf 72' lang='lat' dir='ltr'><strong><em>relatu,</em></strong></span> <span class='ocrx_word' id='word_1_73' title='bbox 1022 1654 1052 1707; x_wconf 84' lang='lat' dir='ltr'><strong><em>et</em></strong></span> <span class='ocrx_word' id='word_1_74' title='bbox 1071 1665 1087 1704; x_wconf 83' lang='lat' dir='ltr'><strong><em>a</em></strong></span> <span class='ocrx_word' id='word_1_75' title='bbox 1107 1647 1239 1708; x_wconf 74' lang='lat' dir='ltr'><strong><em>Conotm</em></strong></span> 
     </span>
     <span class='ocr_line' id='line_1_12' title="bbox 175 1741 1238 1830; baseline -0.004 -23"><span class='ocrx_word' id='word_1_76' title='bbox 175 1747 309 1830; x_wconf 82' lang='lat' dir='ltr'><strong><em>primum</em></strong></span> <span class='ocrx_word' id='word_1_77' title='bbox 337 1747 417 1806; x_wconf 85' lang='lat' dir='ltr'><strong><em>iuter</em></strong></span> <span class='ocrx_word' id='word_1_78' title='bbox 443 1745 539 1807; x_wconf 80' lang='lat' dir='ltr'><strong><em>sidere</em></strong></span> <span class='ocrx_word' id='word_1_79' title='bbox 566 1741 768 1808; x_wconf 79' lang='lat' dir='ltr'><strong><em>animadversa</em></strong></span> <span class='ocrx_word' id='word_1_80' title='bbox 795 1742 849 1817; x_wconf 82' lang='lat' dir='ltr'><strong><em>eit,</em></strong></span> <span class='ocrx_word' id='word_1_81' title='bbox 866 1745 972 1828; x_wconf 84' lang='lat' dir='ltr'><strong><em>fusius</em></strong></span> <span class='ocrx_word' id='word_1_82' title='bbox 991 1757 1125 1803; x_wconf 84' lang='lat' dir='ltr'><strong><em>enarrat.</em></strong></span> <span class='ocrx_word' id='word_1_83' title='bbox 1164 1743 1238 1804; x_wconf 87' lang='lat' dir='ltr'><strong><em>Fuit</em></strong></span> 
     </span>
     <span class='ocr_line' id='line_1_13' title="bbox 176 1837 1237 1922; baseline -0.004 -19"><span class='ocrx_word' id='word_1_84' title='bbox 176 1857 274 1903; x_wconf 86' lang='lat' dir='ltr'><strong><em>autern</em></strong></span> <span class='ocrx_word' id='word_1_85' title='bbox 296 1845 454 1914; x_wconf 87' lang='lat' dir='ltr'><strong><em>Berenice,</em></strong></span> <span class='ocrx_word' id='word_1_86' title='bbox 475 1863 526 1904; x_wconf 88' lang='lat' dir='ltr'><strong><em>seu</em></strong></span> <span class='ocrx_word' id='word_1_87' title='bbox 546 1840 693 1900; x_wconf 81' lang='lat' dir='ltr'><strong><em>Berenice</em></strong></span> <span class='ocrx_word' id='word_1_88' title='bbox 712 1838 876 1903; x_wconf 82' lang='lat' dir='ltr'><strong><em>Ptolemaei</em></strong></span> <span class='ocrx_word' id='word_1_89' title='bbox 888 1837 1087 1922; x_wconf 79' lang='lat' dir='ltr'><strong><em>Ptttadetpns&#39;</em></strong></span> <span class='ocrx_word' id='word_1_90' title='bbox 1106 1860 1148 1899; x_wconf 80' lang='lat' dir='ltr'><strong><em>ex</em></strong></span> <span class='ocrx_word' id='word_1_91' title='bbox 1166 1839 1237 1900; x_wconf 83' lang='lat' dir='ltr'><strong><em>Ar-</em></strong></span> 
     </span>
     <span class='ocr_line' id='line_1_14' title="bbox 176 1934 1237 2022; baseline 0 -26"><span class='ocrx_word' id='word_1_92' title='bbox 176 1941 260 2004; x_wconf 77' lang='lat' dir='ltr'><strong><em>sinoe&#39;</em></strong></span> <span class='ocrx_word' id='word_1_93' title='bbox 278 1941 393 2000; x_wconf 89' lang='lat' dir='ltr'><strong><em>maiore</em></strong></span> <span class='ocrx_word' id='word_1_94' title='bbox 400 1937 500 2022; x_wconf 83' lang='lat' dir='ltr'><strong><em>filia,</em></strong></span> <span class='ocrx_word' id='word_1_95' title='bbox 532 1958 553 1997; x_wconf 96' lang='lat' dir='ltr'><strong><em>a</em></strong></span> <span class='ocrx_word' id='word_1_96' title='bbox 567 1937 673 2020; x_wconf 82' lang='lat' dir='ltr'><strong><em>sratre</em></strong></span> <span class='ocrx_word' id='word_1_97' title='bbox 691 1934 862 1996; x_wconf 83' lang='lat' dir='ltr'><strong><em>Ptolemaeo</em></strong></span> <span class='ocrx_word' id='word_1_98' title='bbox 882 1935 1029 2016; x_wconf 75' lang='lat' dir='ltr'><strong><em>Euergeta</em></strong></span> <span class='ocrx_word' id='word_1_99' title='bbox 1050 1957 1093 1996; x_wconf 71' lang='lat' dir='ltr'><strong><em>esc</em></strong></span> <span class='ocrx_word' id='word_1_100' title='bbox 1111 1935 1237 2008; x_wconf 75' lang='lat' dir='ltr'><strong><em>solemni</em></strong></span> 
     </span>
     <span class='ocr_line' id='line_1_15' title="bbox 174 2023 1237 2112; baseline -0.001 -22"><span class='ocrx_word' id='word_1_101' title='bbox 174 2051 258 2100; x_wconf 81' lang='lat' dir='ltr'><strong><em>more</em></strong></span> <span class='ocrx_word' id='word_1_102' title='bbox 276 2023 497 2112; x_wconf 73' lang='lat' dir='ltr'><strong><em>Aegyptiorum</em></strong></span> <span class='ocrx_word' id='word_1_103' title='bbox 525 2036 537 2102; x_wconf 97' lang='lat'>(</span> <span class='ocrx_word' id='word_1_104' title='bbox 556 2029 674 2109; x_wconf 82' lang='lat' dir='ltr'><strong><em>dequo</em></strong></span> <span class='ocrx_word' id='word_1_105' title='bbox 694 2027 754 2091; x_wconf 84' lang='lat' dir='ltr'><strong><em>uid.</em></strong></span> <span class='ocrx_word' id='word_1_106' title='bbox 774 2027 905 2092; x_wconf 87' lang='lat' dir='ltr'><strong><em>Diodor.</em></strong></span> <span class='ocrx_word' id='word_1_107' title='bbox 925 2027 983 2090; x_wconf 81' lang='lat' dir='ltr'><strong><em>Sic.</em></strong></span> <span class='ocrx_word' id='word_1_108' title='bbox 1004 2028 1038 2101; x_wconf 82' lang='lat'><strong><em>1,</em></strong></span> <span class='ocrx_word' id='word_1_109' title='bbox 1070 2025 1118 2088; x_wconf 81' lang='lat'><strong><em>23.</em></strong></span> <span class='ocrx_word' id='word_1_110' title='bbox 1146 2041 1175 2088; x_wconf 90' lang='lat' dir='ltr'><strong><em>et</em></strong></span> <span class='ocrx_word' id='word_1_111' title='bbox 1193 2029 1237 2090; x_wconf 85' lang='lat' dir='ltr'><strong><em>ili</em></strong></span> 
     </span>
     <span class='ocr_line' id='line_1_16' title="bbox 176 2120 1236 2204; baseline 0 -23"><span class='ocrx_word' id='word_1_112' title='bbox 176 2121 364 2202; x_wconf 73' lang='lat' dir='ltr'><strong><em>Wesselling.</em></strong></span> <span class='ocrx_word' id='word_1_113' title='bbox 380 2144 412 2204; x_wconf 94' lang='lat' dir='ltr'><strong><em>p.</em></strong></span> <span class='ocrx_word' id='word_1_114' title='bbox 432 2120 487 2193; x_wconf 83' lang='lat'><strong><em>30,</em></strong></span> <span class='ocrx_word' id='word_1_115' title='bbox 511 2121 559 2182; x_wconf 78' lang='lat'><strong><em>31.</em></strong></span> <span class='ocrx_word' id='word_1_116' title='bbox 579 2132 592 2195; x_wconf 95' lang='lat'><em>)</em></span> <span class='ocrx_word' id='word_1_117' title='bbox 618 2124 650 2181; x_wconf 94' lang='lat' dir='ltr'><strong><em>in</em></strong></span> <span class='ocrx_word' id='word_1_118' title='bbox 670 2123 895 2182; x_wconf 87' lang='lat' dir='ltr'><strong><em>matrimonium</em></strong></span> <span class='ocrx_word' id='word_1_119' title='bbox 915 2120 1018 2181; x_wconf 86' lang='lat' dir='ltr'><strong><em>ducta.</em></strong></span> <span class='ocrx_word' id='word_1_120' title='bbox 1059 2121 1148 2180; x_wconf 82' lang='lat' dir='ltr'><strong><em>Haec</em></strong></span> <span class='ocrx_word' id='word_1_121' title='bbox 1166 2143 1236 2181; x_wconf 89' lang='lat' dir='ltr'><strong><em>cum</em></strong></span> 
     </span>
     <span class='ocr_line' id='line_1_17' title="bbox 173 2215 1236 2298; baseline -0.002 -18"><span class='ocrx_word' id='word_1_122' title='bbox 173 2239 273 2280; x_wconf 82' lang='lat' dir='ltr'><strong><em>recens</em></strong></span> <span class='ocrx_word' id='word_1_123' title='bbox 292 2217 393 2276; x_wconf 75' lang='lat' dir='ltr'><strong><em>adhuc</em></strong></span> <span class='ocrx_word' id='word_1_124' title='bbox 419 2219 481 2276; x_wconf 87' lang='lat' dir='ltr'><strong><em>eius</em></strong></span> <span class='ocrx_word' id='word_1_125' title='bbox 506 2218 621 2276; x_wconf 73' lang='lat' dir='ltr'><strong><em>coniux</em></strong></span> <span class='ocrx_word' id='word_1_126' title='bbox 647 2215 692 2276; x_wconf 88' lang='lat' dir='ltr'><strong><em>ad</em></strong></span> <span class='ocrx_word' id='word_1_127' title='bbox 716 2217 937 2298; x_wconf 85' lang='lat' dir='ltr'><strong><em>suscipiendam</em></strong></span> <span class='ocrx_word' id='word_1_128' title='bbox 966 2230 1073 2276; x_wconf 86' lang='lat' dir='ltr'><strong><em>contra</em></strong></span> <span class='ocrx_word' id='word_1_129' title='bbox 1092 2217 1236 2295; x_wconf 70' lang='lat' dir='ltr'><strong><em>Assyrios</em></strong></span> 
     </span>
     <span class='ocr_line' id='line_1_18' title="bbox 174 2312 1236 2396; baseline 0.002 -24"><span class='ocrx_word' id='word_1_130' title='bbox 174 2312 399 2393; x_wconf 75' lang='lat' dir='ltr'><strong><em>expeditionem</em></strong></span> <span class='ocrx_word' id='word_1_131' title='bbox 416 2313 568 2396; x_wconf 82' lang='lat' dir='ltr'><strong><em>profectus</em></strong></span> <span class='ocrx_word' id='word_1_132' title='bbox 592 2325 681 2383; x_wconf 90' lang='lat' dir='ltr'><strong><em>esset,</em></strong></span> <span class='ocrx_word' id='word_1_133' title='bbox 712 2313 825 2371; x_wconf 80' lang='lat' dir='ltr'><strong><em>crinem</em></strong></span> <span class='ocrx_word' id='word_1_134' title='bbox 849 2333 952 2383; x_wconf 86' lang='lat' dir='ltr'><strong><em>suum,</em></strong></span> <span class='ocrx_word' id='word_1_135' title='bbox 983 2314 1011 2370; x_wconf 87' lang='lat' dir='ltr'><strong><em>si</em></strong></span> <span class='ocrx_word' id='word_1_136' title='bbox 1028 2312 1084 2372; x_wconf 85' lang='lat' dir='ltr'><strong><em>sibi</em></strong></span> <span class='ocrx_word' id='word_1_137' title='bbox 1102 2315 1148 2374; x_wconf 79' lang='lat' dir='ltr'><strong><em>vir</em></strong></span> <span class='ocrx_word' id='word_1_138' title='bbox 1165 2335 1236 2374; x_wconf 81' lang='lat' dir='ltr'><strong><em>suus</em></strong></span> 
     </span>
     <span class='ocr_line' id='line_1_19' title="bbox 172 2406 1237 2489; baseline 0.005 -23"><span class='ocrx_word' id='word_1_139' title='bbox 172 2428 273 2487; x_wconf 80' lang='lat' dir='ltr'><strong><em>sospes</em></strong></span> <span class='ocrx_word' id='word_1_140' title='bbox 296 2406 369 2466; x_wconf 85' lang='lat' dir='ltr'><strong><em>inde</em></strong></span> <span class='ocrx_word' id='word_1_141' title='bbox 391 2410 539 2489; x_wconf 79' lang='lat' dir='ltr'><strong><em>uictorque</em></strong></span> <span class='ocrx_word' id='word_1_142' title='bbox 558 2406 687 2476; x_wconf 81' lang='lat' dir='ltr'><strong><em>rediret,</em></strong></span> <span class='ocrx_word' id='word_1_143' title='bbox 721 2407 958 2467; x_wconf 81' lang='lat' dir='ltr'><strong><em>Veneri&#39;rouisse</em></strong></span> <span class='ocrx_word' id='word_1_144' title='bbox 976 2407 1098 2470; x_wconf 85' lang='lat' dir='ltr'><strong><em>dicitur.</em></strong></span> <span class='ocrx_word' id='word_1_145' title='bbox 1142 2410 1237 2472; x_wconf 73' lang='lat' dir='ltr'><strong><em>Cuius</em></strong></span> 
     </span>
     <span class='ocr_line' id='line_1_20' title="bbox 173 2501 1231 2585; baseline 0.003 -21"><span class='ocrx_word' id='word_1_146' title='bbox 173 2507 233 2564; x_wconf 84' lang='lat' dir='ltr'><strong><em>uoti</em></strong></span> <span class='ocrx_word' id='word_1_147' title='bbox 250 2525 339 2576; x_wconf 83' lang='lat' dir='ltr'><strong><em>cuns,</em></strong></span> <span class='ocrx_word' id='word_1_148' title='bbox 375 2525 408 2562; x_wconf 89' lang='lat' dir='ltr'><strong><em>rc</em></strong></span> <span class='ocrx_word' id='word_1_149' title='bbox 423 2503 582 2585; x_wconf 86' lang='lat' dir='ltr'><strong><em>praeclare</em></strong></span> <span class='ocrx_word' id='word_1_150' title='bbox 599 2523 621 2561; x_wconf 90' lang='lat' dir='ltr'><strong><em>a</em></strong></span> <span class='ocrx_word' id='word_1_151' title='bbox 642 2501 810 2560; x_wconf 80' lang='lat' dir='ltr'><strong><em>Ptolemaeo</em></strong></span> <span class='ocrx_word' id='word_1_152' title='bbox 833 2515 934 2582; x_wconf 67' lang='lat' dir='ltr'><strong><em>gesto,</em></strong></span> <span class='ocrx_word' id='word_1_153' title='bbox 967 2503 1116 2566; x_wconf 79' lang='lat' dir='ltr'><strong><em>domnam</em></strong></span> <span class='ocrx_word' id='word_1_154' title='bbox 1137 2521 1231 2582; x_wconf 88' lang='lat' dir='ltr'><strong><em>esset,</em></strong></span> 
     </span>
     <span class='ocr_line' id='line_1_21' title="bbox 171 2594 1229 2679; baseline 0.005 -25"><span class='ocrx_word' id='word_1_155' title='bbox 171 2597 298 2655; x_wconf 77' lang='lat' dir='ltr'><strong><em>exsoluit</em></strong></span> <span class='ocrx_word' id='word_1_156' title='bbox 317 2597 528 2676; x_wconf 73' lang='lat' dir='ltr'><strong><em>rereligione,</em></strong></span> <span class='ocrx_word' id='word_1_157' title='bbox 560 2607 588 2654; x_wconf 90' lang='lat' dir='ltr'><strong><em>et</em></strong></span> <span class='ocrx_word' id='word_1_158' title='bbox 607 2594 760 2654; x_wconf 86' lang='lat' dir='ltr'><strong><em>detonsum</em></strong></span> <span class='ocrx_word' id='word_1_159' title='bbox 782 2597 894 2668; x_wconf 85' lang='lat' dir='ltr'><strong><em>crinem</em></strong></span> <span class='ocrx_word' id='word_1_160' title='bbox 915 2597 1078 2679; x_wconf 79' lang='lat' dir='ltr'><strong><em>intemplo</em></strong></span> <span class='ocrx_word' id='word_1_161' title='bbox 1104 2601 1229 2662; x_wconf 78' lang='lat' dir='ltr'><strong><em>Veneris</em></strong></span> 
     </span>
     <span class='ocr_line' id='line_1_22' title="bbox 172 2687 1231 2782; baseline 0.004 -34"><span class='ocrx_word' id='word_1_162' title='bbox 172 2689 320 2748; x_wconf 73' lang='lat' dir='ltr'><strong><em>Arsinois</em></strong></span> <span class='ocrx_word' id='word_1_163' title='bbox 346 2688 546 2769; x_wconf 85' lang='lat' dir='ltr'><strong><em>Zepltiritidis</em></strong></span> <span class='ocrx_word' id='word_1_164' title='bbox 571 2687 726 2782; x_wconf 73' lang='lat' dir='ltr'><strong><em>appendit.</em></strong></span> <span class='ocrx_word' id='word_1_165' title='bbox 766 2687 826 2754; x_wconf 82' lang='lat' dir='ltr'><strong><em>Sed</em></strong></span> <span class='ocrx_word' id='word_1_166' title='bbox 851 2691 944 2750; x_wconf 85' lang='lat' dir='ltr'><strong><em>crinis</em></strong></span> <span class='ocrx_word' id='word_1_167' title='bbox 970 2691 1023 2750; x_wconf 86' lang='lat' dir='ltr'><strong><em>ille</em></strong></span> <span class='ocrx_word' id='word_1_168' title='bbox 1039 2706 1158 2773; x_wconf 85' lang='lat' dir='ltr'><strong><em>postero</em></strong></span> <span class='ocrx_word' id='word_1_169' title='bbox 1178 2692 1231 2755; x_wconf 81' lang='lat' dir='ltr'><strong><em>dic</em></strong></span> 
     </span>
     <span class='ocr_line' id='line_1_23' title="bbox 171 2780 1232 2866; baseline 0.005 -26"><span class='ocrx_word' id='word_1_170' title='bbox 171 2803 231 2850; x_wconf 87' lang='lat' dir='ltr'><strong><em>non</em></strong></span> <span class='ocrx_word' id='word_1_171' title='bbox 251 2780 382 2864; x_wconf 85' lang='lat' dir='ltr'><strong><em>amplius</em></strong></span> <span class='ocrx_word' id='word_1_172' title='bbox 401 2783 442 2840; x_wconf 87' lang='lat' dir='ltr'><strong><em>ibi</em></strong></span> <span class='ocrx_word' id='word_1_173' title='bbox 461 2783 639 2865; x_wconf 81' lang='lat' dir='ltr'><strong><em>comparuit.</em></strong></span> <span class='ocrx_word' id='word_1_174' title='bbox 676 2781 764 2860; x_wconf 82' lang='lat' dir='ltr'><strong><em>Quod</em></strong></span> <span class='ocrx_word' id='word_1_175' title='bbox 782 2804 849 2842; x_wconf 91' lang='lat' dir='ltr'><strong><em>cum</em></strong></span> <span class='ocrx_word' id='word_1_176' title='bbox 870 2783 948 2862; x_wconf 78' lang='lat' dir='ltr'><strong><em>regis</em></strong></span> <span class='ocrx_word' id='word_1_177' title='bbox 968 2785 1146 2866; x_wconf 74' lang='lat' dir='ltr'><strong><em>reginaeque</em></strong></span> <span class='ocrx_word' id='word_1_178' title='bbox 1162 2805 1232 2866; x_wconf 88' lang='lat' dir='ltr'><strong><em>per-</em></strong></span> 
     </span>
     <span class='ocr_line' id='line_1_24' title="bbox 170 2876 1231 2960; baseline -0.004 -24"><span class='ocrx_word' id='word_1_179' title='bbox 170 2877 302 2938; x_wconf 83' lang='lat' dir='ltr'><strong><em>turbaret</em></strong></span> <span class='ocrx_word' id='word_1_180' title='bbox 321 2879 473 2951; x_wconf 87' lang='lat' dir='ltr'><strong><em>animum,</em></strong></span> <span class='ocrx_word' id='word_1_181' title='bbox 496 2879 612 2936; x_wconf 77' lang='lat' dir='ltr'><strong><em>exstitit</em></strong></span> <span class='ocrx_word' id='word_1_182' title='bbox 633 2876 754 2948; x_wconf 85' lang='lat' dir='ltr'><strong><em>Conon,</em></strong></span> <span class='ocrx_word' id='word_1_183' title='bbox 775 2879 899 2958; x_wconf 79' lang='lat' dir='ltr'><strong><em>insignis</em></strong></span> <span class='ocrx_word' id='word_1_184' title='bbox 919 2876 1002 2938; x_wconf 88' lang='lat' dir='ltr'><strong><em>illius</em></strong></span> <span class='ocrx_word' id='word_1_185' title='bbox 1021 2881 1163 2960; x_wconf 82' lang='lat' dir='ltr'><strong><em>temporis</em></strong></span> <span class='ocrx_word' id='word_1_186' title='bbox 1183 2901 1231 2938; x_wconf 85' lang='lat' dir='ltr'><strong><em>as.</em></strong></span> 
     </span>
     <span class='ocr_line' id='line_1_25' title="bbox 169 2971 1229 3052; baseline 0.001 -22"><span class='ocrx_word' id='word_1_187' title='bbox 169 2984 338 3043; x_wconf 74' lang='lat' dir='ltr'><strong><em>iconomus,</em></strong></span> <span class='ocrx_word' id='word_1_188' title='bbox 370 2973 423 3052; x_wconf 87' lang='lat' dir='ltr'><strong><em>qui</em></strong></span> <span class='ocrx_word' id='word_1_189' title='bbox 452 2973 530 3051; x_wconf 76' lang='lat' dir='ltr'><strong><em>regis</em></strong></span> <span class='ocrx_word' id='word_1_190' title='bbox 559 2971 690 3048; x_wconf 74' lang='lat' dir='ltr'><strong><em>gran&#39;am</em></strong></span> <span class='ocrx_word' id='word_1_191' title='bbox 723 2972 800 3034; x_wconf 89' lang='lat' dir='ltr'><strong><em>inire</em></strong></span> <span class='ocrx_word' id='word_1_192' title='bbox 828 2972 965 3052; x_wconf 86' lang='lat' dir='ltr'><strong><em>cupiens,</em></strong></span> <span class='ocrx_word' id='word_1_193' title='bbox 999 2971 1112 3030; x_wconf 79' lang='lat' dir='ltr'><strong><em>crinem</em></strong></span> <span class='ocrx_word' id='word_1_194' title='bbox 1137 2971 1229 3040; x_wconf 74' lang='lat' dir='ltr'><strong><em>desim</em></strong></span> 
     </span>
     <span class='ocr_line' id='line_1_26' title="bbox 168 3059 1229 3144; baseline -0.004 -16"><span class='ocrx_word' id='word_1_195' title='bbox 168 3065 288 3128; x_wconf 69' lang='lat' dir='ltr'><strong><em>nunnne</em></strong></span> <span class='ocrx_word' id='word_1_196' title='bbox 310 3063 458 3124; x_wconf 84' lang='lat' dir='ltr'><strong><em>sublatum</em></strong></span> <span class='ocrx_word' id='word_1_197' title='bbox 477 3064 557 3122; x_wconf 90' lang='lat' dir='ltr'><strong><em>etin</em></strong></span> <span class='ocrx_word' id='word_1_198' title='bbox 581 3061 664 3122; x_wconf 81' lang='lat' dir='ltr'><strong><em>sidus</em></strong></span> <span class='ocrx_word' id='word_1_199' title='bbox 690 3083 859 3126; x_wconf 85' lang='lat' dir='ltr'><strong><em>conversum</em></strong></span> <span class='ocrx_word' id='word_1_200' title='bbox 880 3083 942 3121; x_wconf 80' lang='lat' dir='ltr'><strong><em>esre</em></strong></span> <span class='ocrx_word' id='word_1_201' title='bbox 960 3059 1089 3120; x_wconf 88' lang='lat' dir='ltr'><strong><em>doceret.</em></strong></span> <span class='ocrx_word' id='word_1_202' title='bbox 1109 3063 1151 3144; x_wconf 83' lang='lat' dir='ltr'><strong><em>cs.</em></strong></span> <span class='ocrx_word' id='word_1_203' title='bbox 1171 3066 1229 3124; x_wconf 88' lang='lat' dir='ltr'><strong><em>in-</em></strong></span> 
     </span>
     <span class='ocr_line' id='line_1_27' title="bbox 166 3153 1226 3238; baseline 0.005 -26"><span class='ocrx_word' id='word_1_204' title='bbox 166 3159 275 3236; x_wconf 79' lang='lat' dir='ltr'><strong><em>primis</em></strong></span> <span class='ocrx_word' id='word_1_205' title='bbox 294 3157 437 3236; x_wconf 78' lang='lat' dir='ltr'><strong><em>Hyginus</em></strong></span> <span class='ocrx_word' id='word_1_206' title='bbox 455 3157 805 3227; x_wconf 78' lang='lat' dir='ltr'><strong><em>Poe&#39;t.Astr-onom.11,</em></strong></span> <span class='ocrx_word' id='word_1_207' title='bbox 835 3159 883 3229; x_wconf 75' lang='lat'><strong><em>24.</em></strong></span> <span class='ocrx_word' id='word_1_208' title='bbox 915 3187 935 3200; x_wconf 91' lang='lat'><em>·</em></span> <span class='ocrx_word' id='word_1_209' title='bbox 968 3153 1038 3216; x_wconf 86' lang='lat' dir='ltr'><strong><em>Hoc</em></strong></span> <span class='ocrx_word' id='word_1_210' title='bbox 1058 3167 1115 3228; x_wconf 86' lang='lat' dir='ltr'><strong><em>est,</em></strong></span> <span class='ocrx_word' id='word_1_211' title='bbox 1143 3159 1226 3238; x_wconf 81' lang='lat' dir='ltr'><strong><em>quod</em></strong></span> 
     </span>
     <span class='ocr_line' id='line_1_28' title="bbox 172 3249 1230 3336; baseline 0.002 -26"><span class='ocrx_word' id='word_1_212' title='bbox 172 3249 360 3314; x_wconf 77' lang='lat' dir='ltr'><strong><em>Callimacho</em></strong></span> <span class='ocrx_word' id='word_1_213' title='bbox 386 3266 450 3312; x_wconf 89' lang='lat' dir='ltr'><strong><em>tam</em></strong></span> <span class='ocrx_word' id='word_1_214' title='bbox 476 3249 521 3320; x_wconf 84' lang='lat' dir='ltr'><strong><em>ad</em></strong></span> <span class='ocrx_word' id='word_1_215' title='bbox 540 3251 719 3328; x_wconf 84' lang='lat' dir='ltr'><strong><em>Ptolemaei,</em></strong></span> <span class='ocrx_word' id='word_1_216' title='bbox 751 3251 881 3316; x_wconf 87' lang='lat' dir='ltr'><strong><em>numinis</em></strong></span> <span class='ocrx_word' id='word_1_217' title='bbox 906 3251 1002 3312; x_wconf 87' lang='lat' dir='ltr'><strong><em>instar</em></strong></span> <span class='ocrx_word' id='word_1_218' title='bbox 1018 3265 1144 3336; x_wconf 86' lang='lat' dir='ltr'><strong><em>propter</em></strong></span> <span class='ocrx_word' id='word_1_219' title='bbox 1163 3255 1230 3312; x_wconf 91' lang='lat' dir='ltr'><strong><em>sin-</em></strong></span> 
     </span>
     <span class='ocr_line' id='line_1_29' title="bbox 166 3343 1231 3428; baseline 0.006 -28"><span class='ocrx_word' id='word_1_220' title='bbox 166 3343 273 3428; x_wconf 68' lang='lat' dir='ltr'><strong><em>gulare</em></strong></span> <span class='ocrx_word' id='word_1_221' title='bbox 302 3343 449 3404; x_wconf 83' lang='lat' dir='ltr'><strong><em>bonarum</em></strong></span> <span class='ocrx_word' id='word_1_222' title='bbox 478 3347 589 3408; x_wconf 86' lang='lat' dir='ltr'><strong><em>artium</em></strong></span> <span class='ocrx_word' id='word_1_223' title='bbox 621 3343 755 3404; x_wconf 88' lang='lat' dir='ltr'><strong><em>studium</em></strong></span> <span class='ocrx_word' id='word_1_224' title='bbox 783 3363 804 3403; x_wconf 93' lang='lat' dir='ltr'><strong><em>a</em></strong></span> <span class='ocrx_word' id='word_1_225' title='bbox 834 3366 865 3404; x_wconf 86' lang='lat' dir='ltr'><strong><em>se</em></strong></span> <span class='ocrx_word' id='word_1_226' title='bbox 892 3344 984 3418; x_wconf 86' lang='lat' dir='ltr'><strong><em>culti,</em></strong></span> <span class='ocrx_word' id='word_1_227' title='bbox 1019 3343 1231 3416; x_wconf 81' lang='lat' dir='ltr'><strong><em>celebrandam</em></strong></span> 
     </span>
     <span class='ocr_line' id='line_1_30' title="bbox 168 3437 1231 3523; baseline 0.005 -28"><span class='ocrx_word' id='word_1_228' title='bbox 168 3437 317 3516; x_wconf 74' lang='lat' dir='ltr'><strong><em>gloriam,</em></strong></span> <span class='ocrx_word' id='word_1_229' title='bbox 346 3459 438 3518; x_wconf 82' lang='lat' dir='ltr'><strong><em>quom</em></strong></span> <span class='ocrx_word' id='word_1_230' title='bbox 463 3440 508 3503; x_wconf 86' lang='lat' dir='ltr'><strong><em>ad</em></strong></span> <span class='ocrx_word' id='word_1_231' title='bbox 531 3439 725 3523; x_wconf 86' lang='lat' dir='ltr'><strong><em>praeclaram</em></strong></span> <span class='ocrx_word' id='word_1_232' title='bbox 753 3438 883 3502; x_wconf 85' lang='lat' dir='ltr'><strong><em>Cononis</em></strong></span> <span class='ocrx_word' id='word_1_233' title='bbox 902 3441 934 3500; x_wconf 85' lang='lat' dir='ltr'><strong><em>in</em></strong></span> <span class='ocrx_word' id='word_1_234' title='bbox 954 3441 1037 3502; x_wconf 82' lang='lat' dir='ltr'><strong><em>relus</em></strong></span> <span class='ocrx_word' id='word_1_235' title='bbox 1062 3442 1231 3502; x_wconf 87' lang='lat' dir='ltr'><strong><em>coelestibus</em></strong></span> 
     </span>
     <span class='ocr_line' id='line_1_31' title="bbox 169 3527 1229 3616; baseline 0.006 -28"><span class='ocrx_word' id='word_1_236' title='bbox 169 3527 408 3595; x_wconf 80' lang='lat' dir='ltr'><strong><em>collaudandam</em></strong></span> <span class='ocrx_word' id='word_1_237' title='bbox 427 3535 587 3614; x_wconf 87' lang='lat' dir='ltr'><strong><em>peritiam,</em></strong></span> <span class='ocrx_word' id='word_1_238' title='bbox 609 3535 779 3606; x_wconf 86' lang='lat' dir='ltr'><strong><em>materiem,</em></strong></span> <span class='ocrx_word' id='word_1_239' title='bbox 800 3553 893 3614; x_wconf 79' lang='lat' dir='ltr'><strong><em>quarn</em></strong></span> <span class='ocrx_word' id='word_1_240' title='bbox 914 3536 1049 3596; x_wconf 88' lang='lat' dir='ltr'><strong><em>carmine</em></strong></span> <span class='ocrx_word' id='word_1_241' title='bbox 1064 3553 1229 3616; x_wconf 84' lang='lat' dir='ltr'><strong><em>perseque-</em></strong></span> 
     </span>
     <span class='ocr_line' id='line_1_32' title="bbox 172 3623 1230 3709; baseline 0.003 -24"><span class='ocrx_word' id='word_1_242' title='bbox 172 3635 269 3695; x_wconf 84' lang='lat' dir='ltr'><strong><em>retur,</em></strong></span> <span class='ocrx_word' id='word_1_243' title='bbox 301 3623 502 3704; x_wconf 84' lang='lat' dir='ltr'><strong><em>suppeditavit</em></strong></span> <span class='ocrx_word' id='word_1_244' title='bbox 521 3629 792 3709; x_wconf 82' lang='lat' dir='ltr'><strong><em>estoptatissimam.</em></strong></span> <span class='ocrx_word' id='word_1_245' title='bbox 831 3627 919 3686; x_wconf 77' lang='lat' dir='ltr'><strong><em>Lusis</em></strong></span> <span class='ocrx_word' id='word_1_246' title='bbox 944 3641 1042 3688; x_wconf 70' lang='lat' dir='ltr'><strong><em>aunem</em></strong></span> <span class='ocrx_word' id='word_1_247' title='bbox 1060 3633 1165 3709; x_wconf 75' lang='lat' dir='ltr'><strong><em>poeta,</em></strong></span> <span class='ocrx_word' id='word_1_248' title='bbox 1199 3641 1230 3688; x_wconf 92' lang='lat' dir='ltr'><strong><em>ut</em></strong></span> 
     </span>
     <span class='ocr_line' id='line_1_33' title="bbox 165 3715 1228 3803; baseline 0.01 -29"><span class='ocrx_word' id='word_1_249' title='bbox 165 3723 257 3798; x_wconf 79' lang='lat' dir='ltr'><strong><em>poeta</em></strong></span> <span class='ocrx_word' id='word_1_250' title='bbox 276 3715 526 3791; x_wconf 73' lang='lat' dir='ltr'><strong><em>Alexandrirurs,</em></strong></span> <span class='ocrx_word' id='word_1_251' title='bbox 556 3722 606 3780; x_wconf 90' lang='lat' dir='ltr'><strong><em>cui</em></strong></span> <span class='ocrx_word' id='word_1_252' title='bbox 621 3743 768 3803; x_wconf 86' lang='lat' dir='ltr'><strong><em>persona,</em></strong></span> <span class='ocrx_word' id='word_1_253' title='bbox 800 3742 892 3803; x_wconf 80' lang='lat' dir='ltr'><strong><em>quam</em></strong></span> <span class='ocrx_word' id='word_1_254' title='bbox 911 3720 1011 3782; x_wconf 87' lang='lat' dir='ltr'><strong><em>induit</em></strong></span> <span class='ocrx_word' id='word_1_255' title='bbox 1029 3724 1061 3782; x_wconf 95' lang='lat' dir='ltr'><strong><em>in</em></strong></span> <span class='ocrx_word' id='word_1_256' title='bbox 1081 3724 1136 3783; x_wconf 84' lang='lat' dir='ltr'><strong><em>loc</em></strong></span> <span class='ocrx_word' id='word_1_257' title='bbox 1156 3745 1228 3785; x_wconf 83' lang='lat' dir='ltr'><strong><em>cat·-</em></strong></span> 
     </span>
     <span class='ocr_line' id='line_1_34' title="bbox 168 3811 1228 3883; baseline 0.008 -15"><span class='ocrx_word' id='word_1_258' title='bbox 168 3811 247 3870; x_wconf 88' lang='lat' dir='ltr'><strong><em>mine</em></strong></span> <span class='ocrx_word' id='word_1_259' title='bbox 269 3811 396 3883; x_wconf 81' lang='lat' dir='ltr'><strong><em>Comae,</em></strong></span> <span class='ocrx_word' id='word_1_260' title='bbox 428 3816 539 3874; x_wconf 84' lang='lat' dir='ltr'><strong><em>micum</em></strong></span> <span class='ocrx_word' id='word_1_261' title='bbox 558 3815 590 3874; x_wconf 87' lang='lat' dir='ltr'><strong><em>in</em></strong></span> <span class='ocrx_word' id='word_1_262' title='bbox 610 3814 734 3877; x_wconf 88' lang='lat' dir='ltr'><strong><em>modum</em></strong></span> <span class='ocrx_word' id='word_1_263' title='bbox 755 3815 891 3882; x_wconf 82' lang='lat' dir='ltr'><strong><em>arrisisse</em></strong></span> <span class='ocrx_word' id='word_1_264' title='bbox 909 3813 1034 3876; x_wconf 83' lang='lat' dir='ltr'><strong><em>videtur.</em></strong></span> <span class='ocrx_word' id='word_1_265' title='bbox 1097 3815 1169 3878; x_wconf 86' lang='lat' dir='ltr'><strong><em>Vid.</em></strong></span> <span class='ocrx_word' id='word_1_266' title='bbox 1190 3815 1228 3877; x_wconf 83' lang='lat' dir='ltr'><strong><em>de</em></strong></span> 
     </span>
     <span class='ocr_line' id='line_1_35' title="bbox 167 3901 1227 3990; baseline 0.007 -29"><span class='ocrx_word' id='word_1_267' title='bbox 167 3901 259 3984; x_wconf 74' lang='lat' dir='ltr'><strong><em>genio</em></strong></span> <span class='ocrx_word' id='word_1_268' title='bbox 284 3903 377 3972; x_wconf 82' lang='lat' dir='ltr'><strong><em>seculi</em></strong></span> <span class='ocrx_word' id='word_1_269' title='bbox 404 3905 646 3980; x_wconf 72' lang='lat' dir='ltr'><strong><em>Ptolemaeorum</em></strong></span> <span class='ocrx_word' id='word_1_270' title='bbox 670 3908 778 3990; x_wconf 85' lang='lat' dir='ltr'><strong><em>lleyne</em></strong></span> <span class='ocrx_word' id='word_1_271' title='bbox 804 3906 914 3989; x_wconf 88' lang='lat' dir='ltr'><strong><em>Opusc.</em></strong></span> <span class='ocrx_word' id='word_1_272' title='bbox 941 3907 1027 3966; x_wconf 85' lang='lat' dir='ltr'><strong><em>Tom.</em></strong></span> <span class='ocrx_word' id='word_1_273' title='bbox 1049 3907 1083 3980; x_wconf 88' lang='lat'><strong><em>1,</em></strong></span> <span class='ocrx_word' id='word_1_274' title='bbox 1103 3929 1137 3990; x_wconf 91' lang='lat' dir='ltr'><strong><em>p.</em></strong></span> <span class='ocrx_word' id='word_1_275' title='bbox 1162 3929 1227 3990; x_wconf 83' lang='lat'><strong>¹77·</strong></span> 
     </span>
     <span class='ocr_line' id='line_1_36' title="bbox 167 3999 1227 4082; baseline 0.007 -25"><span class='ocrx_word' id='word_1_276' title='bbox 167 4031 188 4044; x_wconf 95' lang='lat'>-</span> <span class='ocrx_word' id='word_1_277' title='bbox 210 3999 343 4062; x_wconf 87' lang='lat' dir='ltr'><strong><em>Graecae</em></strong></span> <span class='ocrx_word' id='word_1_278' title='bbox 356 4003 476 4082; x_wconf 79' lang='lat' dir='ltr'><strong><em>linguae</em></strong></span> <span class='ocrx_word' id='word_1_279' title='bbox 488 4005 543 4064; x_wconf 81' lang='lat' dir='ltr'><strong><em>lroc</em></strong></span> <span class='ocrx_word' id='word_1_280' title='bbox 563 4025 685 4064; x_wconf 87' lang='lat' dir='ltr'><strong><em>carmen</em></strong></span> <span class='ocrx_word' id='word_1_281' title='bbox 705 4001 833 4064; x_wconf 82' lang='lat' dir='ltr'><strong><em>reddere</em></strong></span> <span class='ocrx_word' id='word_1_282' title='bbox 845 4005 966 4064; x_wconf 86' lang='lat' dir='ltr'><strong><em>tentarit</em></strong></span> <span class='ocrx_word' id='word_1_283' title='bbox 985 4002 1134 4065; x_wconf 77' lang='lat' dir='ltr'><strong><em>salvinius</em></strong></span> <span class='ocrx_word' id='word_1_284' title='bbox 1149 4003 1227 4064; x_wconf 80' lang='lat' dir='ltr'><strong><em>Flo-</em></strong></span> 
     </span>
     <span class='ocr_line' id='line_1_37' title="bbox 168 4088 1225 4180; baseline -0.003 -21"><span class='ocrx_word' id='word_1_285' title='bbox 168 4088 321 4166; x_wconf 73' lang='lat' dir='ltr'><strong><em>rentium,</em></strong></span> <span class='ocrx_word' id='word_1_286' title='bbox 340 4095 423 4176; x_wconf 85' lang='lat' dir='ltr'><strong><em>quod</em></strong></span> <span class='ocrx_word' id='word_1_287' title='bbox 441 4099 474 4156; x_wconf 90' lang='lat' dir='ltr'><strong><em>in</em></strong></span> <span class='ocrx_word' id='word_1_288' title='bbox 494 4099 624 4158; x_wconf 84' lang='lat' dir='ltr'><strong><em>tironum</em></strong></span> <span class='ocrx_word' id='word_1_289' title='bbox 642 4101 775 4180; x_wconf 81' lang='lat' dir='ltr'><strong><em>gratiam</em></strong></span> <span class='ocrx_word' id='word_1_290' title='bbox 796 4097 910 4158; x_wconf 78' lang='lat' dir='ltr'><strong><em>Cauttt</em></strong></span> <span class='ocrx_word' id='word_1_291' title='bbox 928 4098 1109 4158; x_wconf 82' lang='lat' dir='ltr'><strong><em>carminibus</em></strong></span> <span class='ocrx_word' id='word_1_292' title='bbox 1128 4097 1225 4158; x_wconf 86' lang='lat' dir='ltr'><strong><em>subii-</em></strong></span> 
     </span>
     <span class='ocr_line' id='line_1_38' title="bbox 167 4187 1226 4278; baseline 0.012 -35"><span class='ocrx_word' id='word_1_293' title='bbox 167 4187 305 4254; x_wconf 81' lang='lat' dir='ltr'><strong><em>ciendum</em></strong></span> <span class='ocrx_word' id='word_1_294' title='bbox 338 4192 508 4252; x_wconf 82' lang='lat' dir='ltr'><strong><em>curabimus</em></strong></span> <span class='ocrx_word' id='word_1_295' title='bbox 515 4213 526 4266; x_wconf 88' lang='lat'><strong><em>,·</em></strong></span> <span class='ocrx_word' id='word_1_296' title='bbox 557 4205 591 4261; x_wconf 86' lang='lat' dir='ltr'><strong><em>at</em></strong></span> <span class='ocrx_word' id='word_1_297' title='bbox 619 4193 700 4262; x_wconf 78' lang='lat' dir='ltr'><strong><em>iniens</em></strong></span> <span class='ocrx_word' id='word_1_298' title='bbox 723 4195 855 4258; x_wconf 87' lang='lat' dir='ltr'><strong><em>numeris</em></strong></span> <span class='ocrx_word' id='word_1_299' title='bbox 882 4196 1047 4258; x_wconf 69' lang='lat' dir='ltr'><strong><em>uernaculis</em></strong></span> <span class='ocrx_word' id='word_1_300' title='bbox 1077 4196 1226 4278; x_wconf 72' lang='lat' dir='ltr'><strong><em>expressit</em></strong></span> 
     </span>
     <span class='ocr_line' id='line_1_39' title="bbox 172 4281 1182 4370; baseline 0.009 -22"><span class='ocrx_word' id='word_1_301' title='bbox 172 4281 258 4353; x_wconf 69' lang='lat' dir='ltr'><strong><em>Rode</em></strong></span> <span class='ocrx_word' id='word_1_302' title='bbox 276 4285 298 4354; x_wconf 87' lang='lat' dir='ltr'><strong><em>l·</em></strong></span> <span class='ocrx_word' id='word_1_303' title='bbox 317 4285 339 4350; x_wconf 88' lang='lat' dir='ltr'><strong><em>l·</em></strong></span> <span class='ocrx_word' id='word_1_304' title='bbox 354 4309 389 4370; x_wconf 79' lang='lat' dir='ltr'><strong><em>p.</em></strong></span> <span class='ocrx_word' id='word_1_305' title='bbox 410 4287 459 4357; x_wconf 75' lang='lat'><strong><em>65·</em></strong></span> <span class='ocrx_word' id='word_1_306' title='bbox 1120 4285 1122 4290; x_wconf 40' lang='lat'><strong>¹</strong></span> <span class='ocrx_word' id='word_1_307' title='bbox 1179 4311 1182 4318; x_wconf 91' lang='lat'>&#39;</span> 
     </span>
    </p>
   </div>
   <div class='ocr_carea' id='block_1_5' title="bbox 0 0 1500 5116">
    <p class='ocr_par' dir='ltr' id='par_1_5' title="bbox 0 0 1500 5116">
     <span class='ocr_line' id='line_1_40' title="bbox 0 0 1500 5116; baseline 0 4"><span class='ocrx_word' id='word_1_308' title='bbox 0 0 1500 5116; x_wconf 95' lang='lat' dir='ltr'><strong><em> </em></strong></span> 
     </span>
    </p>
   </div>
  </div>
 </body>
</html>
