<?xml version="1.0" encoding="UTF-8"?>
<!DOCTYPE html PUBLIC "-//W3C//DTD XHTML 1.0 Transitional//EN"
    "http://www.w3.org/TR/xhtml1/DTD/xhtml1-transitional.dtd">
<html xmlns="http://www.w3.org/1999/xhtml" xml:lang="en" lang="en">
 <head>
  <title>
</title>
<meta http-equiv="Content-Type" content="text/html;charset=utf-8" />
  <meta name='ocr-system' content='tesseract 3.04.00' />
  <meta name='ocr-capabilities' content='ocr_page ocr_carea ocr_par ocr_line ocrx_word'/>
</head>
<body>
  <div class='ocr_page' id='page_1' title='image "./cvaleriicatulli03catugoog_0030.png"; bbox 0 0 3036 5114; ppageno 0'>
   <div class='ocr_carea' id='block_1_1' title="bbox 334 351 1189 419">
    <p class='ocr_par' dir='ltr' id='par_1_1' title="bbox 334 351 1189 419">
     <span class='ocr_line' id='line_1_1' title="bbox 334 351 1189 419; baseline 0 -5"><span class='ocrx_word' id='word_1_1' title='bbox 334 353 469 414; x_wconf 77' lang='lat' dir='ltr'>AETAS</span> <span class='ocrx_word' id='word_1_2' title='bbox 503 353 557 412; x_wconf 87' lang='lat' dir='ltr'>lv.</span> <span class='ocrx_word' id='word_1_3' title='bbox 611 351 932 419; x_wconf 75' lang='lat' dir='ltr'>SCdLlGERlANd.</span> <span class='ocrx_word' id='word_1_4' title='bbox 1066 360 1189 417; x_wconf 80' lang='lat' dir='ltr'>xxvu</span> 
     </span>
    </p>
   </div>
   <div class='ocr_carea' id='block_1_2' title="bbox 77 555 1215 3956">
    <p class='ocr_par' dir='ltr' id='par_1_2' title="bbox 256 555 1189 1002">
     <span class='ocr_line' id='line_1_2' title="bbox 261 555 1188 656; baseline -0.001 -26"><span class='ocrx_word' id='word_1_5' title='bbox 261 555 423 630; x_wconf 78' lang='lat' dir='ltr'>Ausonio</span> <span class='ocrx_word' id='word_1_6' title='bbox 463 555 615 654; x_wconf 86' lang='lat' dir='ltr'>aliisque</span> <span class='ocrx_word' id='word_1_7' title='bbox 646 557 886 656; x_wconf 78' lang='lat' dir='ltr'><strong>scriptoribus</strong></span> <span class='ocrx_word' id='word_1_8' title='bbox 916 563 998 632; x_wconf 89' lang='lat' dir='ltr'>turn</span> <span class='ocrx_word' id='word_1_9' title='bbox 1027 557 1188 655; x_wconf 81' lang='lat' dir='ltr'>antiquis</span> 
     </span>
     <span class='ocr_line' id='line_1_3' title="bbox 256 670 1185 774; baseline -0.002 -32"><span class='ocrx_word' id='word_1_10' title='bbox 256 675 338 742; x_wconf 92' lang='lat' dir='ltr'>tum</span> <span class='ocrx_word' id='word_1_11' title='bbox 355 671 563 750; x_wconf 76' lang='lat' dir='ltr'><strong>recentibus</strong></span> <span class='ocrx_word' id='word_1_12' title='bbox 580 670 861 774; x_wconf 78' lang='lat' dir='ltr'><strong>Epigrammata</strong></span> <span class='ocrx_word' id='word_1_13' title='bbox 877 670 1012 744; x_wconf 87' lang='lat' dir='ltr'>selecta</span> <span class='ocrx_word' id='word_1_14' title='bbox 1029 675 1067 742; x_wconf 87' lang='lat' dir='ltr'>et</span> <span class='ocrx_word' id='word_1_15' title='bbox 1084 693 1185 741; x_wconf 88' lang='lat' dir='ltr'>com-</span> 
     </span>
     <span class='ocr_line' id='line_1_4' title="bbox 257 783 1188 870; baseline -0.009 -8"><span class='ocrx_word' id='word_1_16' title='bbox 257 783 439 862; x_wconf 83' lang='lat' dir='ltr'>mentario</span> <span class='ocrx_word' id='word_1_17' title='bbox 457 784 668 862; x_wconf 86' lang='lat' dir='ltr'>brevissime</span> <span class='ocrx_word' id='word_1_18' title='bbox 688 783 883 860; x_wconf 84' lang='lat' dir='ltr'>illustrata.</span> <span class='ocrx_word' id='word_1_19' title='bbox 930 783 1107 870; x_wconf 87' lang='lat' dir='ltr'>Cadomi,</span> <span class='ocrx_word' id='word_1_20' title='bbox 1132 783 1188 854; x_wconf 83' lang='grc' dir='ltr'>ι6.</span> 
     </span>
     <span class='ocr_line' id='line_1_5' title="bbox 260 899 1189 1002; baseline 0 -32"><span class='ocrx_word' id='word_1_21' title='bbox 260 899 343 970; x_wconf 83' lang='lat' dir='ltr'>Non</span> <span class='ocrx_word' id='word_1_22' title='bbox 355 899 473 1002; x_wconf 83' lang='lat' dir='ltr'>magis</span> <span class='ocrx_word' id='word_1_23' title='bbox 486 899 525 974; x_wconf 90' lang='lat' dir='ltr'>in</span> <span class='ocrx_word' id='word_1_24' title='bbox 538 923 690 974; x_wconf 84' lang='lat' dir='ltr'>censum</span> <span class='ocrx_word' id='word_1_25' title='bbox 703 900 1189 999; x_wconf 59' lang='lat' dir='ltr'>venit‚quam.quaesequi-</span> 
     </span>
    </p>

    <p class='ocr_par' dir='ltr' id='par_1_3' title="bbox 83 1011 1080 1112">
     <span class='ocr_line' id='line_1_6' title="bbox 83 1011 1080 1112; baseline -0.004 -28"><span class='ocrx_word' id='word_1_26' title='bbox 83 1047 87 1054; x_wconf 94' lang='lat'>·</span> <span class='ocrx_word' id='word_1_27' title='bbox 260 1015 338 1100; x_wconf 86' lang='lat' dir='ltr'>tur,</span> <span class='ocrx_word' id='word_1_28' title='bbox 357 1012 605 1112; x_wconf 82' lang='lat' dir='ltr'>impressionis</span> <span class='ocrx_word' id='word_1_29' title='bbox 620 1019 769 1088; x_wconf 85' lang='lat' dir='ltr'>tantum</span> <span class='ocrx_word' id='word_1_30' title='bbox 786 1014 870 1086; x_wconf 88' lang='lat' dir='ltr'>loco</span> <span class='ocrx_word' id='word_1_31' title='bbox 884 1011 1056 1086; x_wconf 85' lang='lat' dir='ltr'>notabilis</span> <span class='ocrx_word' id='word_1_32' title='bbox 1072 1037 1080 1079; x_wconf 93' lang='lat'><strong>:</strong></span> 
     </span>
    </p>

    <p class='ocr_par' dir='ltr' id='par_1_4' title="bbox 85 1124 1196 1906">
     <span class='ocr_line' id='line_1_7' title="bbox 85 1124 1196 1231; baseline -0.013 -23"><span class='ocrx_word' id='word_1_33' title='bbox 85 1129 180 1216; x_wconf 67' lang='lat'>1611</span> <span class='ocrx_word' id='word_1_34' title='bbox 213 1125 298 1200; x_wconf 86' lang='lat' dir='ltr'>Cat.</span> <span class='ocrx_word' id='word_1_35' title='bbox 326 1127 410 1204; x_wconf 84' lang='lat' dir='ltr'>Tib.</span> <span class='ocrx_word' id='word_1_36' title='bbox 436 1133 474 1202; x_wconf 90' lang='lat' dir='ltr'>et</span> <span class='ocrx_word' id='word_1_37' title='bbox 499 1131 608 1231; x_wconf 79' lang='lat' dir='ltr'>Prop.</span> <span class='ocrx_word' id='word_1_38' title='bbox 633 1153 730 1208; x_wconf 86' lang='lat' dir='ltr'>nova</span> <span class='ocrx_word' id='word_1_39' title='bbox 756 1128 838 1216; x_wconf 85' lang='lat' dir='ltr'>edit.</span> <span class='ocrx_word' id='word_1_40' title='bbox 863 1126 910 1204; x_wconf 92' lang='lat' dir='ltr'>ad</span> <span class='ocrx_word' id='word_1_41' title='bbox 933 1129 1002 1199; x_wconf 89' lang='lat' dir='ltr'>los.</span> <span class='ocrx_word' id='word_1_42' title='bbox 1022 1124 1196 1223; x_wconf 59' lang='lat' dir='ltr'>Scaligerr‘</span> 
     </span>
     <span class='ocr_line' id='line_1_8' title="bbox 260 1237 1194 1335; baseline -0.004 -23"><span class='ocrx_word' id='word_1_43' title='bbox 260 1239 553 1324; x_wconf 76' lang='lat' dir='ltr'>emendationem</span> <span class='ocrx_word' id='word_1_44' title='bbox 566 1249 739 1317; x_wconf 85' lang='lat' dir='ltr'>accurate</span> <span class='ocrx_word' id='word_1_45' title='bbox 754 1239 1004 1322; x_wconf 77' lang='lat' dir='ltr'>conformata:</span> <span class='ocrx_word' id='word_1_46' title='bbox 1018 1239 1085 1331; x_wconf 79' lang='lat' dir='ltr'>nisi</span> <span class='ocrx_word' id='word_1_47' title='bbox 1095 1237 1194 1335; x_wconf 91' lang='lat' dir='ltr'>quod</span> 
     </span>
     <span class='ocr_line' id='line_1_9' title="bbox 266 1355 1195 1460; baseline -0.006 -30"><span class='ocrx_word' id='word_1_48' title='bbox 266 1357 394 1454; x_wconf 89' lang='lat' dir='ltr'>quiin</span> <span class='ocrx_word' id='word_1_49' title='bbox 420 1355 667 1460; x_wconf 83' lang='lat' dir='ltr'>Scaligeriana</span> <span class='ocrx_word' id='word_1_50' title='bbox 693 1359 750 1434; x_wconf 87' lang='lat' dir='ltr'>ed.</span> <span class='ocrx_word' id='word_1_51' title='bbox 779 1355 1082 1438; x_wconf 83' lang='lat' dir='ltr'>desiderabantur</span> <span class='ocrx_word' id='word_1_52' title='bbox 1108 1356 1195 1454; x_wconf 85' lang='lat' dir='ltr'>Epi-</span> 
     </span>
     <span class='ocr_line' id='line_1_10' title="bbox 263 1469 1194 1576; baseline -0.003 -30"><span class='ocrx_word' id='word_1_53' title='bbox 263 1479 513 1574; x_wconf 79' lang='lat' dir='ltr'>grammatum</span> <span class='ocrx_word' id='word_1_54' title='bbox 538 1480 582 1548; x_wconf 90' lang='lat' dir='ltr'>ut</span> <span class='ocrx_word' id='word_1_55' title='bbox 607 1475 809 1576; x_wconf 84' lang='lat' dir='ltr'>elegiarum</span> <span class='ocrx_word' id='word_1_56' title='bbox 834 1469 935 1546; x_wconf 82' lang='lat' dir='ltr'>tituli</span> <span class='ocrx_word' id='word_1_57' title='bbox 960 1471 1020 1548; x_wconf 87' lang='lat' dir='ltr'>hic</span> <span class='ocrx_word' id='word_1_58' title='bbox 1047 1469 1194 1546; x_wconf 83' lang='lat' dir='ltr'>aliunde</span> 
     </span>
     <span class='ocr_line' id='line_1_11' title="bbox 262 1586 1194 1689; baseline -0.002 -29"><span class='ocrx_word' id='word_1_59' title='bbox 262 1587 451 1689; x_wconf 83' lang='lat' dir='ltr'>diligenter</span> <span class='ocrx_word' id='word_1_60' title='bbox 462 1593 550 1672; x_wconf 72' lang='lat' dir='ltr'>seuit</span> <span class='ocrx_word' id='word_1_61' title='bbox 560 1590 734 1689; x_wconf 88' lang='lat' dir='ltr'>suppleti.</span> <span class='ocrx_word' id='word_1_62' title='bbox 761 1588 853 1662; x_wconf 76' lang='lat' dir='ltr'>Add.</span> <span class='ocrx_word' id='word_1_63' title='bbox 867 1587 1077 1688; x_wconf 80' lang='lat' dir='ltr'>Elegiarum</span> <span class='ocrx_word' id='word_1_64' title='bbox 1091 1586 1194 1660; x_wconf 92' lang='lat' dir='ltr'>libel-</span> 
     </span>
     <span class='ocr_line' id='line_1_12' title="bbox 265 1699 1196 1814; baseline -0.002 -38"><span class='ocrx_word' id='word_1_65' title='bbox 265 1699 344 1814; x_wconf 85' lang='lat' dir='ltr'>lus,</span> <span class='ocrx_word' id='word_1_66' title='bbox 371 1702 435 1801; x_wconf 91' lang='lat' dir='ltr'>qui</span> <span class='ocrx_word' id='word_1_67' title='bbox 452 1701 562 1780; x_wconf 85' lang='lat' dir='ltr'>Corn.</span> <span class='ocrx_word' id='word_1_68' title='bbox 581 1703 689 1780; x_wconf 83' lang='lat' dir='ltr'>Gallo</span> <span class='ocrx_word' id='word_1_69' title='bbox 705 1702 815 1808; x_wconf 84' lang='lat' dir='ltr'>vulgo</span> <span class='ocrx_word' id='word_1_70' title='bbox 832 1701 1063 1786; x_wconf 77' lang='lat' dir='ltr'>adscribitur.</span> <span class='ocrx_word' id='word_1_71' title='bbox 1104 1703 1196 1774; x_wconf 89' lang='lat' dir='ltr'>Bra-</span> 
     </span>
     <span class='ocr_line' id='line_1_13' title="bbox 289 1818 877 1906; baseline -0.003 -16"><span class='ocrx_word' id='word_1_72' title='bbox 289 1818 406 1906; x_wconf 87' lang='lat' dir='ltr'>eraci,</span> <span class='ocrx_word' id='word_1_73' title='bbox 425 1818 459 1892; x_wconf 90' lang='lat'>8.</span> <span class='ocrx_word' id='word_1_74' title='bbox 873 1823 877 1835; x_wconf 86' lang='lat'><strong><em>&#39;</em></strong></span> 
     </span>
    </p>

    <p class='ocr_par' dir='ltr' id='par_1_5' title="bbox 90 1843 1215 2146">
     <span class='ocr_line' id='line_1_14' title="bbox 90 1843 1197 2033; baseline 0 -28"><span class='ocrx_word' id='word_1_75' title='bbox 90 1929 192 2005; x_wconf 86' lang='lat'>1618</span> <span class='ocrx_word' id='word_1_76' title='bbox 218 1843 298 2004; x_wconf 67' lang='lat' dir='ltr'>ledi</span> <span class='ocrx_word' id='word_1_77' title='bbox 318 1929 498 2005; x_wconf 81' lang='lat' dir='ltr'>Gebbardr&#39;</span> <span class='ocrx_word' id='word_1_78' title='bbox 513 1930 550 2008; x_wconf 91' lang='lat' dir='ltr'>in</span> <span class='ocrx_word' id='word_1_79' title='bbox 564 1933 649 2014; x_wconf 78' lang='lat' dir='ltr'>Cat.</span> <span class='ocrx_word' id='word_1_80' title='bbox 662 1931 747 2005; x_wconf 89' lang='lat' dir='ltr'>Tib.</span> <span class='ocrx_word' id='word_1_81' title='bbox 763 1937 800 2004; x_wconf 82' lang='lat' dir='ltr'>et</span> <span class='ocrx_word' id='word_1_82' title='bbox 813 1933 920 2033; x_wconf 83' lang='lat' dir='ltr'>Prop·</span> <span class='ocrx_word' id='word_1_83' title='bbox 936 1929 1197 2010; x_wconf 80' lang='lat' dir='ltr'>animadversa.</span> 
     </span>
     <span class='ocr_line' id='line_1_15' title="bbox 274 2041 1215 2146; baseline -0.007 -30"><span class='ocrx_word' id='word_1_84' title='bbox 274 2067 304 2118; x_wconf 85' lang='lat' dir='ltr'>c.</span> <span class='ocrx_word' id='word_1_85' title='bbox 318 2046 347 2116; x_wconf 89' lang='lat'>1.</span> <span class='ocrx_word' id='word_1_86' title='bbox 355 2045 533 2144; x_wconf 82' lang='lat' dir='ltr'>Meleagri</span> <span class='ocrx_word' id='word_1_87' title='bbox 544 2046 582 2118; x_wconf 91' lang='lat' dir='ltr'>in</span> <span class='ocrx_word' id='word_1_88' title='bbox 594 2045 674 2118; x_wconf 79' lang='lat' dir='ltr'>val.</span> <span class='ocrx_word' id='word_1_89' title='bbox 688 2046 772 2122; x_wconf 83' lang='lat' dir='ltr'>Cat·</span> <span class='ocrx_word' id='word_1_90' title='bbox 785 2044 988 2146; x_wconf 75' lang='lat' dir='ltr'>spicilegio,</span> <span class='ocrx_word' id='word_1_91' title='bbox 1003 2045 1146 2116; x_wconf 90' lang='lat' dir='ltr'>Hanov.</span> <span class='ocrx_word' id='word_1_92' title='bbox 1161 2041 1196 2115; x_wconf 82' lang='lat'>8.</span> <span class='ocrx_word' id='word_1_93' title='bbox 1210 2100 1215 2109; x_wconf 89' lang='lat'>.</span> 
     </span>
    </p>

    <p class='ocr_par' dir='ltr' id='par_1_6' title="bbox 92 2156 1195 2266">
     <span class='ocr_line' id='line_1_16' title="bbox 92 2156 1195 2266; baseline -0.001 -33"><span class='ocrx_word' id='word_1_94' title='bbox 92 2157 194 2257; x_wconf 78' lang='lat'>1619</span> <span class='ocrx_word' id='word_1_95' title='bbox 220 2157 304 2230; x_wconf 84' lang='lat' dir='ltr'>Cat.</span> <span class='ocrx_word' id='word_1_96' title='bbox 316 2156 400 2240; x_wconf 85' lang='lat' dir='ltr'>Tib.</span> <span class='ocrx_word' id='word_1_97' title='bbox 413 2159 522 2266; x_wconf 86' lang='lat' dir='ltr'>Prop.</span> <span class='ocrx_word' id='word_1_98' title='bbox 536 2183 623 2238; x_wconf 81' lang='lat' dir='ltr'>eum</span> <span class='ocrx_word' id='word_1_99' title='bbox 639 2157 737 2240; x_wconf 87' lang='lat' dir='ltr'>Galli</span> <span class='ocrx_word' id='word_1_100' title='bbox 753 2157 924 2260; x_wconf 85' lang='lat' dir='ltr'>fragmm.</span> <span class='ocrx_word' id='word_1_101' title='bbox 941 2157 1093 2230; x_wconf 83' lang='lat' dir='ltr'>Amstel.</span> <span class='ocrx_word' id='word_1_102' title='bbox 1112 2159 1195 2232; x_wconf 83' lang='lat' dir='ltr'>lan-</span> 
     </span>
    </p>

    <p class='ocr_par' dir='ltr' id='par_1_7' title="bbox 77 2277 425 2360">
     <span class='ocr_line' id='line_1_17' title="bbox 77 2277 425 2360; baseline 0.006 -16"><span class='ocrx_word' id='word_1_103' title='bbox 77 2335 84 2344; x_wconf 93' lang='lat'>.</span> <span class='ocrx_word' id='word_1_104' title='bbox 269 2297 347 2348; x_wconf 85' lang='lat' dir='ltr'>son.</span> <span class='ocrx_word' id='word_1_105' title='bbox 365 2277 425 2360; x_wconf 69' lang='lat'>24.</span> 
     </span>
    </p>

    <p class='ocr_par' dir='ltr' id='par_1_8' title="bbox 92 2383 1201 2916">
     <span class='ocr_line' id='line_1_18' title="bbox 92 2383 1195 2488; baseline -0.005 -26"><span class='ocrx_word' id='word_1_106' title='bbox 92 2389 186 2462; x_wconf 83' lang='lat'>1621</span> <span class='ocrx_word' id='word_1_107' title='bbox 218 2385 304 2468; x_wconf 81' lang='lat' dir='ltr'>Cat.</span> <span class='ocrx_word' id='word_1_108' title='bbox 328 2385 411 2472; x_wconf 84' lang='lat' dir='ltr'>Tib,</span> <span class='ocrx_word' id='word_1_109' title='bbox 437 2390 544 2488; x_wconf 89' lang='lat' dir='ltr'>Pmp.</span> <span class='ocrx_word' id='word_1_110' title='bbox 570 2412 658 2461; x_wconf 88' lang='lat' dir='ltr'>cum</span> <span class='ocrx_word' id='word_1_111' title='bbox 682 2389 711 2459; x_wconf 89' lang='lat'>1.</span> <span class='ocrx_word' id='word_1_112' title='bbox 739 2387 894 2462; x_wconf 68' lang='lat' dir='ltr'>Liviam·</span> <span class='ocrx_word' id='word_1_113' title='bbox 916 2384 1012 2464; x_wconf 87' lang='lat' dir='ltr'>notis</span> <span class='ocrx_word' id='word_1_114' title='bbox 1039 2383 1195 2468; x_wconf 87' lang='lat' dir='ltr'>antehac</span> 
     </span>
     <span class='ocr_line' id='line_1_19' title="bbox 269 2499 1201 2591; baseline -0.003 -17"><span class='ocrx_word' id='word_1_115' title='bbox 269 2499 435 2591; x_wconf 86' lang='lat' dir='ltr'>ineditis,</span> <span class='ocrx_word' id='word_1_116' title='bbox 452 2561 485 2574; x_wconf 94' lang='lat'>..</span> <span class='ocrx_word' id='word_1_117' title='bbox 501 2526 570 2575; x_wconf 92' lang='lat' dir='ltr'>nec</span> <span class='ocrx_word' id='word_1_118' title='bbox 588 2525 662 2578; x_wconf 92' lang='lat' dir='ltr'>non</span> <span class='ocrx_word' id='word_1_119' title='bbox 679 2501 909 2590; x_wconf 79' lang='lat' dir='ltr'>uberioribus</span> <span class='ocrx_word' id='word_1_120' title='bbox 926 2501 1003 2574; x_wconf 89' lang='lat' dir='ltr'>lani</span> <span class='ocrx_word' id='word_1_121' title='bbox 1023 2499 1201 2572; x_wconf 78' lang='lat' dir='ltr'>Gebbcrrdi</span> 
     </span>
     <span class='ocr_line' id='line_1_20' title="bbox 270 2613 1197 2714; baseline -0.005 -26"><span class='ocrx_word' id='word_1_122' title='bbox 270 2614 528 2690; x_wconf 88' lang='lat' dir='ltr'>animadverss.</span> <span class='ocrx_word' id='word_1_123' title='bbox 548 2641 634 2690; x_wconf 87' lang='lat' dir='ltr'>cum</span> <span class='ocrx_word' id='word_1_124' title='bbox 652 2617 680 2688; x_wconf 93' lang='lat'>1.</span> <span class='ocrx_word' id='word_1_125' title='bbox 697 2617 877 2712; x_wconf 79' lang='lat' dir='ltr'>Meleagri</span> <span class='ocrx_word' id='word_1_126' title='bbox 900 2613 1106 2714; x_wconf 78' lang='lat' dir='ltr'>spicilegio.</span> <span class='ocrx_word' id='word_1_127' title='bbox 1151 2615 1197 2684; x_wconf 89' lang='lat' dir='ltr'>lt.</span> 
     </span>
     <span class='ocr_line' id='line_1_21' title="bbox 273 2723 1198 2828; baseline -0.005 -27"><span class='ocrx_word' id='word_1_128' title='bbox 273 2733 451 2828; x_wconf 70' lang='lat' dir='ltr'>poemata</span> <span class='ocrx_word' id='word_1_129' title='bbox 485 2728 579 2802; x_wconf 81' lang='lat' dir='ltr'>Galli</span> <span class='ocrx_word' id='word_1_130' title='bbox 613 2735 651 2802; x_wconf 88' lang='lat' dir='ltr'>et</span> <span class='ocrx_word' id='word_1_131' title='bbox 681 2729 789 2814; x_wconf 75' lang='lat' dir='ltr'>index</span> <span class='ocrx_word' id='word_1_132' title='bbox 821 2727 911 2800; x_wconf 88' lang='lat' dir='ltr'>Hor.</span> <span class='ocrx_word' id='word_1_133' title='bbox 944 2723 1198 2804; x_wconf 84' lang='lat' dir='ltr'>Tuscanellae.</span> 
     </span>
     <span class='ocr_line' id='line_1_22' title="bbox 272 2836 1196 2916; baseline -0.004 -4"><span class='ocrx_word' id='word_1_134' title='bbox 272 2839 440 2915; x_wconf 75' lang='lat' dir='ltr'>Francos.</span> <span class='ocrx_word' id='word_1_135' title='bbox 458 2865 504 2914; x_wconf 87' lang='lat' dir='ltr'>ex</span> <span class='ocrx_word' id='word_1_136' title='bbox 520 2839 616 2916; x_wconf 85' lang='lat' dir='ltr'>offic.</span> <span class='ocrx_word' id='word_1_137' title='bbox 637 2841 808 2916; x_wconf 87' lang='lat' dir='ltr'>Wechel.</span> <span class='ocrx_word' id='word_1_138' title='bbox 828 2839 863 2913; x_wconf 89' lang='lat'>8.</span> <span class='ocrx_word' id='word_1_139' title='bbox 914 2839 1073 2912; x_wconf 85' lang='lat' dir='ltr'>Librarii</span> <span class='ocrx_word' id='word_1_140' title='bbox 1090 2836 1196 2909; x_wconf 92' lang='lat' dir='ltr'>indu-</span> 
     </span>
    </p>

    <p class='ocr_par' dir='ltr' id='par_1_9' title="bbox 127 2956 1201 3752">
     <span class='ocr_line' id='line_1_23' title="bbox 127 2956 1199 3056; baseline -0.006 -25"><span class='ocrx_word' id='word_1_141' title='bbox 127 3049 131 3056; x_wconf 27' lang='lat'><em>·</em></span> <span class='ocrx_word' id='word_1_142' title='bbox 275 2956 385 3047; x_wconf 74' lang='lat' dir='ltr'>striae</span> <span class='ocrx_word' id='word_1_143' title='bbox 404 2957 557 3038; x_wconf 84' lang='lat' dir='ltr'>debetur</span> <span class='ocrx_word' id='word_1_144' title='bbox 574 2959 665 3032; x_wconf 84' lang='lat' dir='ltr'>haec</span> <span class='ocrx_word' id='word_1_145' title='bbox 683 2957 758 3050; x_wconf 85' lang='lat' dir='ltr'>ed,</span> <span class='ocrx_word' id='word_1_146' title='bbox 776 2981 851 3038; x_wconf 90' lang='lat' dir='ltr'>non</span> <span class='ocrx_word' id='word_1_147' title='bbox 866 2957 931 3030; x_wconf 88' lang='lat' dir='ltr'>viri</span> <span class='ocrx_word' id='word_1_148' title='bbox 951 2956 1046 3033; x_wconf 85' lang='lat' dir='ltr'>docti</span> <span class='ocrx_word' id='word_1_149' title='bbox 1065 2979 1199 3041; x_wconf 87' lang='lat' dir='ltr'>curae,</span> 
     </span>
     <span class='ocr_line' id='line_1_24' title="bbox 274 3071 1199 3174; baseline -0.005 -28"><span class='ocrx_word' id='word_1_150' title='bbox 274 3075 342 3146; x_wconf 84' lang='lat' dir='ltr'>etsi</span> <span class='ocrx_word' id='word_1_151' title='bbox 355 3073 573 3152; x_wconf 82' lang='lat' dir='ltr'>Gebhardus</span> <span class='ocrx_word' id='word_1_152' title='bbox 587 3075 773 3174; x_wconf 85' lang='lat' dir='ltr'>praefatus</span> <span class='ocrx_word' id='word_1_153' title='bbox 786 3080 853 3148; x_wconf 90' lang='lat' dir='ltr'>est.</span> <span class='ocrx_word' id='word_1_154' title='bbox 873 3076 1073 3147; x_wconf 73' lang='lat' dir='ltr'>Poetarum</span> <span class='ocrx_word' id='word_1_155' title='bbox 1087 3071 1199 3143; x_wconf 85' lang='lat' dir='ltr'>verba</span> 
     </span>
     <span class='ocr_line' id='line_1_25' title="bbox 275 3189 1199 3292; baseline -0.005 -28"><span class='ocrx_word' id='word_1_156' title='bbox 275 3215 321 3279; x_wconf 83' lang='lat' dir='ltr'>ex</span> <span class='ocrx_word' id='word_1_157' title='bbox 345 3191 503 3292; x_wconf 88' lang='lat' dir='ltr'>pessima</span> <span class='ocrx_word' id='word_1_158' title='bbox 518 3190 629 3264; x_wconf 89' lang='lat' dir='ltr'>Basil.</span> <span class='ocrx_word' id='word_1_159' title='bbox 651 3189 746 3264; x_wconf 81' lang='lat'>1530</span> <span class='ocrx_word' id='word_1_160' title='bbox 763 3197 829 3268; x_wconf 89' lang='lat' dir='ltr'>aut</span> <span class='ocrx_word' id='word_1_161' title='bbox 846 3215 891 3264; x_wconf 88' lang='lat' dir='ltr'>ex</span> <span class='ocrx_word' id='word_1_162' title='bbox 907 3189 1075 3263; x_wconf 87' lang='lat' dir='ltr'>Weehel.</span> <span class='ocrx_word' id='word_1_163' title='bbox 1094 3212 1199 3288; x_wconf 85' lang='lat' dir='ltr'>supe-</span> 
     </span>
     <span class='ocr_line' id='line_1_26' title="bbox 272 3305 1198 3408; baseline -0.003 -28"><span class='ocrx_word' id='word_1_164' title='bbox 272 3308 368 3380; x_wconf 90' lang='lat' dir='ltr'>riore</span> <span class='ocrx_word' id='word_1_165' title='bbox 389 3305 481 3382; x_wconf 80' lang='lat'>1608</span> <span class='ocrx_word' id='word_1_166' title='bbox 500 3331 670 3408; x_wconf 85' lang='lat' dir='ltr'>expressa</span> <span class='ocrx_word' id='word_1_167' title='bbox 687 3312 785 3380; x_wconf 91' lang='lat' dir='ltr'>sunt.</span> <span class='ocrx_word' id='word_1_168' title='bbox 849 3309 902 3380; x_wconf 91' lang='lat' dir='ltr'>Io.</span> <span class='ocrx_word' id='word_1_169' title='bbox 921 3307 1072 3380; x_wconf 86' lang='lat' dir='ltr'>Livineii</span> <span class='ocrx_word' id='word_1_170' title='bbox 1091 3312 1198 3378; x_wconf 84' lang='lat' dir='ltr'>notas</span> 
     </span>
     <span class='ocr_line' id='line_1_27' title="bbox 276 3419 1200 3509; baseline -0.003 -16"><span class='ocrx_word' id='word_1_171' title='bbox 276 3421 355 3506; x_wconf 81' lang='lat' dir='ltr'>eod.</span> <span class='ocrx_word' id='word_1_172' title='bbox 385 3443 507 3509; x_wconf 85' lang='lat' dir='ltr'>armo,</span> <span class='ocrx_word' id='word_1_173' title='bbox 543 3427 582 3497; x_wconf 86' lang='lat' dir='ltr'>et</span> <span class='ocrx_word' id='word_1_174' title='bbox 610 3422 690 3506; x_wconf 87' lang='lat' dir='ltr'>lani</span> <span class='ocrx_word' id='word_1_175' title='bbox 721 3419 906 3498; x_wconf 81' lang='lat' dir='ltr'>Gebhardi</span> <span class='ocrx_word' id='word_1_176' title='bbox 942 3419 1200 3500; x_wconf 86' lang='lat' dir='ltr'>animadverss.</span> 
     </span>
     <span class='ocr_line' id='line_1_28' title="bbox 279 3535 1201 3635; baseline 0 -25"><span class='ocrx_word' id='word_1_177' title='bbox 279 3542 411 3635; x_wconf 84' lang='lat' dir='ltr'>quarto</span> <span class='ocrx_word' id='word_1_178' title='bbox 427 3541 512 3610; x_wconf 83' lang='lat' dir='ltr'>anie</span> <span class='ocrx_word' id='word_1_179' title='bbox 526 3560 796 3614; x_wconf 88' lang='lat' dir='ltr'>annoseorsum</span> <span class='ocrx_word' id='word_1_180' title='bbox 804 3535 919 3612; x_wconf 86' lang='lat' dir='ltr'>editas</span> <span class='ocrx_word' id='word_1_181' title='bbox 931 3561 1030 3612; x_wconf 89' lang='lat' dir='ltr'>nunc</span> <span class='ocrx_word' id='word_1_182' title='bbox 1040 3538 1076 3608; x_wconf 92' lang='lat' dir='ltr'>in</span> <span class='ocrx_word' id='word_1_183' title='bbox 1085 3559 1201 3610; x_wconf 85' lang='lat' dir='ltr'>unum</span> 
     </span>
     <span class='ocr_line' id='line_1_29' title="bbox 276 3649 1002 3752; baseline -0.001 -30"><span class='ocrx_word' id='word_1_184' title='bbox 276 3649 449 3730; x_wconf 89' lang='lat' dir='ltr'>volumen</span> <span class='ocrx_word' id='word_1_185' title='bbox 466 3649 605 3752; x_wconf 83' lang='lat' dir='ltr'>redegit</span> <span class='ocrx_word' id='word_1_186' title='bbox 621 3649 791 3728; x_wconf 90' lang='lat' dir='ltr'>librarius</span> <span class='ocrx_word' id='word_1_187' title='bbox 809 3649 1002 3732; x_wconf 84' lang='lat' dir='ltr'>redemtor.</span> 
     </span>
    </p>

    <p class='ocr_par' dir='ltr' id='par_1_10' title="bbox 103 3762 1203 3956">
     <span class='ocr_line' id='line_1_30' title="bbox 103 3762 1203 3866; baseline -0.009 -22"><span class='ocrx_word' id='word_1_188' title='bbox 103 3769 199 3844; x_wconf 81' lang='lat'>1622</span> <span class='ocrx_word' id='word_1_189' title='bbox 226 3765 342 3866; x_wconf 85' lang='lat' dir='ltr'>Typis</span> <span class='ocrx_word' id='word_1_190' title='bbox 358 3765 483 3840; x_wconf 81' lang='lat' dir='ltr'>iacobi</span> <span class='ocrx_word' id='word_1_191' title='bbox 501 3767 642 3856; x_wconf 72' lang='lat' dir='ltr'>Stoen,</span> <span class='ocrx_word' id='word_1_192' title='bbox 664 3790 720 3838; x_wconf 81' lang='lat'>12.</span> <span class='ocrx_word' id='word_1_193' title='bbox 764 3765 866 3837; x_wconf 89' lang='lat' dir='ltr'>Basis</span> <span class='ocrx_word' id='word_1_194' title='bbox 883 3771 939 3838; x_wconf 86' lang='lat' dir='ltr'>est</span> <span class='ocrx_word' id='word_1_195' title='bbox 955 3762 1203 3864; x_wconf 87' lang='lat' dir='ltr'>Scaligeriana</span> 
     </span>
     <span class='ocr_line' id='line_1_31' title="bbox 276 3907 454 3956; baseline -0.011 0"><span class='ocrx_word' id='word_1_196' title='bbox 276 3907 454 3956; x_wconf 81' lang='lat' dir='ltr'>recensio.</span> 
     </span>
    </p>
   </div>
   <div class='ocr_carea' id='block_1_3' title="bbox 101 3961 1345 4096">
    <p class='ocr_par' dir='ltr' id='par_1_11' title="bbox 101 3961 1345 4096">
     <span class='ocr_line' id='line_1_32' title="bbox 101 3961 1345 4096; baseline -0.011 -22"><span class='ocrx_word' id='word_1_197' title='bbox 101 3977 198 4074; x_wconf 75' lang='grc' dir='ltr'>1630Ι</span> <span class='ocrx_word' id='word_1_198' title='bbox 227 3994 537 4096; x_wconf 82' lang='lat' dir='ltr'>Cat.T1b.Prop.</span> <span class='ocrx_word' id='word_1_199' title='bbox 561 4020 648 4068; x_wconf 90' lang='lat' dir='ltr'>cum</span> <span class='ocrx_word' id='word_1_200' title='bbox 675 3993 772 4067; x_wconf 91' lang='lat' dir='ltr'>Galli</span> <span class='ocrx_word' id='word_1_201' title='bbox 798 3991 1028 4095; x_wconf 76' lang='lat' dir='ltr'>fragmentis,</span> <span class='ocrx_word' id='word_1_202' title='bbox 1054 3987 1206 4074; x_wconf 83' lang='lat' dir='ltr'>Amstel.</span> <span class='ocrx_word' id='word_1_203' title='bbox 1343 3961 1345 3966; x_wconf 21' lang='grc' dir='ltr'>Ι</span> 
     </span>
    </p>
   </div>
   <div class='ocr_carea' id='block_1_4' title="bbox 107 4111 1207 4438">
    <p class='ocr_par' dir='ltr' id='par_1_12' title="bbox 107 4111 1207 4438">
     <span class='ocr_line' id='line_1_33' title="bbox 107 4111 1207 4327; baseline -0.015 -24"><span class='ocrx_word' id='word_1_204' title='bbox 107 4227 206 4317; x_wconf 61' lang='grc'>1640</span> <span class='ocrx_word' id='word_1_205' title='bbox 232 4111 415 4308; x_wconf 53' lang='lat' dir='ltr'>Catlll’ib.</span> <span class='ocrx_word' id='word_1_206' title='bbox 432 4225 539 4327; x_wconf 87' lang='lat' dir='ltr'>Prop.</span> <span class='ocrx_word' id='word_1_207' title='bbox 554 4221 726 4299; x_wconf 77' lang='lat' dir='ltr'>Aureliae</span> <span class='ocrx_word' id='word_1_208' title='bbox 744 4217 884 4295; x_wconf 86' lang='lat' dir='ltr'>Allobr.</span> <span class='ocrx_word' id='word_1_209' title='bbox 900 4223 922 4305; x_wconf 78' lang='grc'><strong><em>4</em></strong></span> <span class='ocrx_word' id='word_1_210' title='bbox 936 4217 973 4292; x_wconf 92' lang='lat' dir='ltr'>in</span> <span class='ocrx_word' id='word_1_211' title='bbox 987 4217 1097 4318; x_wconf 89' lang='lat' dir='ltr'>Corp.</span> <span class='ocrx_word' id='word_1_212' title='bbox 1110 4220 1207 4318; x_wconf 85' lang='lat' dir='ltr'>po&#39;e’t.</span> 
     </span>
     <span class='ocr_line' id='line_1_34' title="bbox 281 4336 907 4438; baseline -0.005 -26"><span class='ocrx_word' id='word_1_213' title='bbox 281 4339 346 4424; x_wconf 83' lang='lat' dir='ltr'>lat.</span> <span class='ocrx_word' id='word_1_214' title='bbox 366 4338 471 4424; x_wconf 76' lang='lat' dir='ltr'>edll</span> <span class='ocrx_word' id='word_1_215' title='bbox 489 4365 549 4438; x_wconf 89' lang='lat' dir='ltr'>ap.</span> <span class='ocrx_word' id='word_1_216' title='bbox 569 4336 907 4436; x_wconf 82' lang='lat' dir='ltr'>Sam.Crispinu1u.</span> 
     </span>
    </p>
   </div>
   <div class='ocr_carea' id='block_1_5' title="bbox 0 0 1540 5114">
    <p class='ocr_par' dir='ltr' id='par_1_13' title="bbox 0 0 1540 5114">
     <span class='ocr_line' id='line_1_35' title="bbox 0 0 1540 5114; baseline 0 0"><span class='ocrx_word' id='word_1_217' title='bbox 0 0 1540 5114; x_wconf 95' lang='lat' dir='ltr'> </span> 
     </span>
    </p>
   </div>
  </div>
 </body>
</html>
