3000 5108
318 273 404 363 rbS
637 307 674 365 e.
698 305 861 364 vauunu
895 301 1075 367 carrera

309 503 389 576 Non
406 507 541 578 temere
558 504 749 578 exsiluere:
768 511 902 578 canent
919 507 1016 606 quod
1033 507 1146 581 visere
1165 533 1232 609 par
1251 513 1318 584 est.

309 615 453 714 Hymen
471 641 492 688 ο
511 615 743 728 Hymenaee,
758 619 903 716 Hymen
920 607 1004 692 ades
1022 643 1044 694 ο
1060 621 1282 715 Hymenaee.
1367 647 1414 695 ro

660 806 663 816 ,
751 750 963 804 lvveaes

359 844 439 916 Non
457 841 568 916 facilis
585 843 688 919 nobis
702 897 712 931 ,
727 844 917 942 aequales,
934 845 1058 946 palma
1074 852 1207 948 parata
1223 853 1296 920 est:

310 955 512 1058 Adspicite,
527 959 702 1058 innuptae
719 983 844 1031 secum
862 963 905 1034 ut
923 959 1096 1034 meditata
1113 963 1315 1061 requirunt.

310 1077 390 1148 Non
408 1075 542 1150 frustra
559 1076 798 1168 meditantur:
824 1073 964 1182 liabent
979 1076 1215 1178 memorabile
1231 1077 1330 1175 quod
1351 1083 1410 1150 sit.

310 1248 438 1305 Nimirum
455 1250 566 1299 Oetaeas
583 1250 693 1300 obtendit
704 1248 824 1319 Noctifer
839 1250 948 1301 umbnas.
966 1247 1092 1318 Scaliger:
1110 1249 1239 1306 Nimirum
1257 1251 1364 1303 oceane
1382 1273 1407 1302 se

309 1330 418 1379 ostentis
441 1325 562 1395 Noctifer
581 1329 659 1378 imbrs
675 1367 684 1389 ,
699 1328 844 1394 Meleager:
869 1330 1002 1384 Nimirum
1020 1329 1126 1380 choreas
1151 1332 1259 1382 ostendit
1283 1330 1409 1399 noada-

311 1412 404 1476 igueas.
434 1406 485 1458 sed
502 1414 589 1456 nostra
605 1405 696 1466 lectio,
713 1424 791 1476 quam
811 1408 915 1460 Vossius
932 1425 968 1478 exv
981 1410 1160 1460 vetustissimo
1181 1407 1249 1480 libro
1266 1407 1410 1460 Theanus

312 1489 450 1561 produxit,
469 1491 565 1556 egregie
582 1487 748 1541 confirmetur
765 1483 822 1541 loco
839 1485 927 1557 Virgil.
944 1487 1030 1556 Eolog.
1049 1487 1126 1549 Vlll,
1141 1505 1167 1540 v.
1185 1489 1227 1541 30.
1259 1488 1293 1542 V.
1313 1491 1336 1541 8.
1351 1499 1411 1559 post

313 1584 380 1622 serre
391 1569 516 1622 excidisse
534 1577 609 1639 putat
625 1566 725 1623 Statius
736 1581 788 1628 est,
806 1567 877 1640 quod
893 1569 921 1622 in
934 1585 987 1621 uno
1004 1569 1061 1620 HS.
1080 1577 1131 1620 tres
1148 1568 1248 1624 litteras
1263 1569 1308 1622 bic
1326 1589 1410 1621 erasas

310 1649 391 1700 luisse
408 1645 627 1698 animadverterit.
693 1648 724 1700 V.
744 1667 767 1716 9.
786 1648 881 1699 cavens
897 1665 948 1714 quo
965 1655 1044 1698 visere
1057 1660 1166 1715 parent.
1188 1660 1260 1700 vetus
1277 1654 1410 1720 scriptura

315 1738 380 1781 teste
393 1727 536 1796 scaligero,
552 1735 579 1778 et
590 1727 627 1780 sic
638 1733 678 1780 est
694 1728 721 1779 in
739 1728 805 1778 libro
821 1727 949 1781 Cornelia.
962 1725 1055 1795 Pspyr.
1070 1728 1127 1780 Pal.
1141 1738 1168 1781 et
1178 1727 1263 1781 uilius
1280 1731 1410 1798 antiquis-

312 1809 388 1862 simis
411 1805 475 1858 edit.
494 1803 563 1858 uude
579 1807 652 1856 vario
668 1804 746 1858 roodo
763 1804 805 1857 liic
821 1804 893 1858 locus
913 1818 1038 1858 correctus
1060 1815 1088 1862 et
1106 1825 1211 1860 excusus
1235 1807 1293 1860 suit.
1319 1821 1410 1859 canem

315 1908 379 1958 qum
402 1891 499 1939 vincere
521 1904 571 1954 pur
591 1899 628 1938 est
651 1884 755 1955 Gryph.
779 1884 874 1937 bluret.
899 1899 988 1936 canent
1008 1886 1075 1954 quod
1099 1905 1199 1956 vespm
1218 1907 1271 1956 par·
1290 1903 1329 1940 est
1354 1892 1409 1941 blo-

315 1959 406 2035 Inger.
429 1959 520 2020 sanent
538 1960 608 2032 quod
626 1968 722 2015 vincere
737 1981 789 2031 par
807 1977 844 2014 est
861 1965 925 2016 edit.
946 1964 1095 2032 Cantabrig.
1115 1966 1201 2018 addita
1222 1967 1406 2036 explicatione:

314 2064 416 2102 carmen
437 2048 541 2099 victorin
564 2045 673 2115 dignam
693 2057 782 2095 canent
798 2063 848 2110 quo
865 2050 960 2097 vincere
974 2065 1024 2114 por
1040 2060 1077 2098 est
1093 2057 1224 2119 receptum
1241 2058 1282 2101 est
1301 2069 1334 2102 ex
1351 2055 1407 2120 qui·

314 2128 425 2182 busdam
442 2128 504 2181 edit.
522 2133 572 2180 vet.
590 2133 618 2177 in
635 2124 699 2177 edit.
715 2125 835 2191 Gotting.
853 2133 879 2176 ct
901 2126 1006 2197 Bipoat.
1024 2155 1056 2169 -·
1072 2128 1197 2183 Vossiana
1213 2129 1306 2192 lectio,
1329 2149 1408 2202 qiuari

314 2211 433 2264 dedimus
442 2248 452 2272 ‚
467 2212 521 2262 iam
537 2215 577 2261 ost
593 2208 622 2259 iu
638 2207 764 2275 excaeptis
782 2206 936 2258 'l'lruanaeis
986 2209 1017 2260 V.
1032 2224 1069 2260 u.
1085 2214 1219 2278 requirent
1232 2229 1328 2268 ornnes
1344 2214 1406 2262 ertit,

312 2289 483 2357 antiquiores.
510 2286 612 2340 Statius
628 2293 715 2338 sotem
731 2303 762 2338 ex
774 2288 904 2354 corruptis
916 2285 1086 2352 lectionibus,
1099 2305 1167 2358 vqaas
1178 2291 1207 2342 tu
1215 2288 1320 2344 duobus
1330 2290 1408 2344 HSb.

309 2367 463 2424 invenerat,
486 2365 558 2417 vario
578 2362 657 2417 nodo
678 2364 747 2417 hune
769 2382 869 2416 versum
889 2367 1024 2418 restimers
1044 2366 1151 2420 molitas
1165 2375 1228 2434 ost,
1252 2367 1313 2420 vult
1332 2371 1405 2420 mim

310 2445 369 2500 vel:
387 2446 478 2512 Aspice
493 2460 558 2511 quae
575 2448 695 2512 innuptae
711 2462 791 2495 seeum
808 2457 836 2498 ut
852 2446 975 2496 meditata
991 2450 1140 2514 nastrum.
1166 2447 1208 2502 vel
1229 2449 1353 2516 ,Aetate
1369 2457 1407 2500 in-

311 2537 406 2596 mptas
421 2542 515 2592 quaeso
532 2536 560 2576 at
575 2526 696 2576 meditata
712 2528 863 2592 requirunt,
891 2523 931 2579 vel
958 2525 1051 2595 Aspice
1065 2545 1131 2593 qrtae
1146 2531 1267 2596 temptas
1282 2549 1365 2582 seeum
1382 2546 1408 2579 at

310 2607 475 2658 meditamina
491 2617 632 2672 quaerunt,
655 2604 696 2658 vel
717 2605 845 2672 Adsptoite
862 2607 982 2673 temptas
995 2623 1090 2673 quasso
1106 2618 1134 2660 at
1150 2609 1316 2664 medemena
1332 2629 1406 2680 qam·

312 2695 381 2736 mat.
409 2685 525 2753 prolecto
541 2682 589 2736 heo
606 2690 671 2735 sunt
687 2682 781 2754 epulae
798 2680 907 2735 dubiae!

312 2835 476 2929 praecipuo
485 2833 567 2894 cultu
576 2833 753 2905 habebatur,
767 2841 797 2892 et
808 2832 836 2890 iu
919 2831 958 2889 V.
973 2829 1001 2892 8.
1016 2830 1075 2892 vid.
1090 2831 1197 2894 dehac
1212 2831 1343 2894 formeria
1358 2857 1407 2895 su-

312 2938 445 2979 nummrs
473 2915 639 2975 Locrorum
667 2915 838 2994 frequenter
880 2931 933 2994 pra
949 2913 1076 2984 exta.
1093 2935 1141 2994 77.

312 2999 431 3069 visitur,
442 2997 479 3056 ul)
489 2998 564 3056 Oeta
574 3004 752 3076 repeterent.
765 2996 838 3055 Oeta
921 2994 961 3054 V.
980 3010 1008 3070 9.
1028 2995 1098 3054 Non
1116 3009 1238 3066 lernaeae,
1256 2995 1287 3054 b.
1301 3015 1330 3056 e.
1345 3019 1404 3055 non

313 3079 373 3141 sive
386 3079 490 3140 Ocreae
501 3097 586 3135 mons
597 3077 800 3136 l'uitGraeeire
811 3086 842 3136 el.
881 3073 944 3134 siue
967 3075 1236 3154 praemeditatione
1261 3077 1346 3158 qaod
1366 3083 1410 3134 ci-

314 3160 399 3220 llrnes
408 3159 575 3220 Thessaliae
585 3157 621 3215 ab
632 3167 742 3231 austro,
752 3157 838 3216 cuius
881 3178 943 3213 sere
953 3177 1014 3236 par
1027 3169 1083 3227 est,
1100 3155 1182 3239 quod
1192 3157 1255 3215 visu
1267 3166 1297 3216 et
1310 3157 1409 3216 auditu

316 3239 418 3323 iugum
441 3239 478 3299 ab
498 3240 613 3299 oriente
632 3259 732 3300 versus
755 3238 839 3298 occi·
882 3235 1008 3316 dignum
1024 3246 1076 3295 est.
1096 3257 1166 3296 uam
1184 3237 1308 3297 videndi
1323 3241 1411 3298 verb..

315 3323 436 3384 dentem
460 3321 634 3402 porrigitur.
657 3319 717 3382 vid.
741 3319 839 3380 Strab.
883 3317 921 3376 ad
954 3337 1056 3376 omnes
1088 3337 1190 3380 seusus
1218 3319 1407 3378 referuntorz

316 3405 378 3478 lx,
392 3422 421 3485 p.
436 3403 493 3480 639
507 3407 537 3460 et
550 3401 619 3473 655,
632 3399 703 3462 edit.
713 3399 842 3462 Almelo-
883 3397 954 3458 huic
970 3397 1130 3480 respondet
1143 3420 1214 3459 mox
1227 3420 1358 3481 sequeus
1373 3413 1410 3470 (v.

316 3506 383 3546 ren.
403 3484 443 3544 lis
456 3483 569 3566 itaque,
584 3479 636 3564 qut
648 3489 744 3542 totum
756 3481 841 3541 illurn
889 3478 946 3551 13.)
959 3480 1151 3540 memorabile
1162 3479 1245 3563 quod
1261 3484 1311 3540 sit.

314 3575 445 3626 tractum
455 3563 637 3635 babitabant,
652 3563 779 3623 Veneris
790 3583 840 3620 seu
925 3561 966 3619 V.
986 3581 1029 3620 ra.
1044 3563 1095 3620 ina
1138 3573 1186 3622 tac
1198 3583 1299 3622 secum
1315 3575 1400 3622 utine

317 3646 443 3729 Hesperi
456 3645 551 3718 stelle,
565 3644 681 3727 quoties
693 3653 760 3725 post
773 3643 842 3704 solis
885 3641 985 3701 ditata
997 3643 1106 3726 repeda.
1156 3643 1411 3724 equameurioa

317 3749 456 3789 occasum
476 3727 507 3786 iu
527 3733 721 3806 conspectum
738 3725 843 3785 venie·
886 3729 1026 3804 repetunt
1052 3732 1082 3781 et
1107 3741 1248 3806 promere
1276 3723 1413 3783 student.

317 3809 384 3881 bat,
404 3809 441 3868 ab
461 3808 580 3869 Oetaeis
601 3805 750 3868 montibus
768 3805 843 3866 oriri
887 3821 961 3885 quae
993 3801 1152 3884 diligenter
1181 3813 1280 3884 autea¹
1296 3804 1410 3887 puellae

318 3888 414 3950 videri
430 3885 541 3950 debuit.
572 3887 654 3949 llaec
674 3887 736 3948 lere
756 3896 843 3958 sunt,
886 3903 987 3944 seeum
996 3885 1414 3946 oommenuueetmediuta.=

318 3991 529 4114 litalde?
543 3968 844 4112 “lld‘tttbtl
886 3963 1414 4118 {tlittltltttlttltttt

320 4135 429 4212 Heyae
448 4132 485 4192 ad
502 4130 611 4214 Virgil.
631 4129 731 4210 Eclog.
750 4129 843 4201 Vlll,
893 4149 916 4188 ι.
936 4129 971 4186 'et
992 4145 1117 4194 carmen
1139 4123 1318 4190 meditatum
1340 4128 1414 4218 april

320 4235 349 4274 v.
363 4215 411 4274 30.
424 4211 504 4273 etad
518 4212 629 4274 Tibull.
645 4211 842 4273 inobservat.
888 4205 965 4268 Ptin.
993 4207 1139 4290 Panegyr.
1166 4229 1192 4270 e.
1219 4205 1249 4271 3.
1280 4207 1334 4269 ubl
1360 4208 1406 4268 vul

320 4315 351 4380 p.
368 4293 437 4370 153,
450 4295 519 4356 edit.
535 4315 602 4356 nov.
617 4295 657 4356 ol.
672 4294 803 4356 Vossius.
889 4289 1032 4350 Scbwm
1045 4305 1074 4372 p.
1089 4289 1117 4350 b'.
1152 4287 1156 4299 '
