3000 5108
300 297 388 401 124

622 311 660 372 C·
683 309 853 372 vtttntt
887 306 1070 370 ctrvttt

659 630 905 706 CARMEN
939 632 1036 706 LIII.

474 911 479 922 .
553 860 611 914 nn
647 859 848 928 eventu
881 857 939 914 nr
974 857 1140 912 clivo.

293 1069 430 1138 niteat
439 1091 563 1134 emam
577 1069 707 1132 nara
719 1069 841 1131 cautu
854 1069 982 1152 ,auam
995 1091 1038 1130 a
1046 1035 1177 1152 popm,
1193 1071 1247 1152 qa·
1262 1068 1406 1142 cavum,

333 1167 444 1228 audita
457 1168 519 1226 eius
533 1165 629 1224 utulta
643 1167 672 1225 νί
684 1178 712 1224 et
725 1177 793 1224 arte
803 1165 836 1226 in
854 1165 973 1226 Vatinii
984 1164 1117 1226 crimina
1129 1161 1232 1224 tabita
1245 1163 1406 1236 oratione,

274 1293 277 1302 ,
332 1257 480 1320 disemum
494 1255 683 1341 Saupuuum
695 1271 828 1320 vocarat.

291 1389 405 1550 Risi
423 1472 546 1548 nescio
566 1495 676 1570 quem
693 1468 803 1545 modo
821 1469 859 1544 in
876 1492 1036 1560 comna,

293 1589 386 1680 Qui,
404 1612 491 1663 cum
509 1586 659 1660 mirifice
676 1585 872 1659 Vatiniana

292 1703 399 1776 Meus
417 1689 570 1773 crimina
589 1699 725 1772 Calvus
744 1697 981 1800 explicasset,

293 1813 490 1887 Admirans
509 1813 562 1886 ait
578 1813 690 1901 haec,
707 1835 913 1910 manusque
930 1809 1081 1886 tollens:

295 1930 354 2006 Dii
371 1929 517 2032 magni,
533 1927 759 2028 salaputium
776 1926 970 2002 disertum!
1383 1927 1407 2002 5

327 2141 361 2195 V.
377 2159 399 2194 t.
415 2160 429 2194 e
444 2159 540 2194 <amna
557 2141 637 2194 alfort
652 2139 781 2210 Meleager
792 2141 888 2194 alibro
900 2140 1051 2210 Camelini,
1068 2160 1148 2212 quem
1159 2139 1300 2196 confirmat
1310 2142 1409 2214 Papyr.

294 2219 351 2272 Pul.
367 2229 395 2272 et
410 2219 471 2274 libri
490 2220 600 2274 editoris
617 2219 784 2289 cantabrig„
799 2222 841 2274 cui
859 2223 929 2274 lavet
946 2223 1024 2273 etiem
1042 2221 1112 2274 Edit
1131 2223 1161 2274 tt.
1179 2224 1339 2292 antiquiss..
1358 2221 1407 2274 ubi

295 2311 352 2355 est:
371 2313 394 2354 et
411 2319 516 2353 corona.
546 2301 579 2353 V.
593 2305 616 2352 5.
634 2299 679 2352 olii
696 2295 866 2369 salaputium,
882 2299 923 2353 vel
940 2301 1100 2371 saliputium,
1118 2301 1159 2355 rel
1176 2303 1348 2370 salaputium,
1366 2301 1409 2356 rel

295 2388 460 2452 sapientiem,
468 2382 509 2436 vel
518 2381 694 2452 salaputium,
706 2379 927 2450 vicedominae,
938 2380 980 2434 vel
990 2382 1159 2453 aalidppium
1172 2383 1214 2435 vel
1222 2383 1407 2452 sallinppium,

296 2459 339 2512 vel
353 2461 540 2528 temptantium,
560 2457 602 2512 vel
614 2458 807 2530 lolopadtisms,
827 2459 870 2514 vel
882 2460 1075 2530 etwlapatioa,
1098 2461 1141 2516 vel
1159 2463 1303 2516 wlabotton
1315 2492 1350 2503 -
1360 2463 1408 2516 sed

296 2537 359 2595 nolo
376 2541 429 2596 mat
447 2541 546 2594 nimius
563 2557 626 2595 este.

337 2709 378 2772 V.
395 2735 419 2773 1.
432 2733 545 2775 corona
560 2719 604 2772 est
617 2707 747 2771 circulus
761 2707 815 2770 ho-

297 2793 434 2866 minum,
455 2793 509 2876 qui
528 2793 671 2854 iudicium
685 2792 717 2850 in
730 2793 815 2865 loro,

298 2873 440 2936 audiendi
450 2871 740 2950 causa,abomnibus
749 2895 816 2956 par-

297 2957 378 3018 tibus
398 2957 533 3036 cingunt.

340 3040 380 3100 V.
395 3038 423 3098 3.
452 3037 570 3098 Calvus.
610 3033 649 3096 tle
674 3033 766 3096 calvo
787 3043 818 3098 et

288 3115 424 3184 ¹Vatinio
444 3119 482 3180 cf.
497 3117 534 3177 ad
553 3119 653 3179 Germ.
669 3117 756 3176 xlv.

290 3217 296 3224 '
341 3203 383 3261 V.
414 3205 445 3275 4.
486 3221 651 3283 manusque
689 3199 815 3271 tollens,

301 3292 381 3350 χεῖρας
400 3283 560 3348 demimus.
585 3299 702 3340 morem
729 3288 817 3338 vele-

301 3381 381 3436 rum,
395 3373 541 3430 suminam
551 3361 672 3424 sublutie
682 3360 818 3421 manibus

302 3443 531 3505 admirationem
584 3442 818 3523 exprimentium

301 3533 445 3586 notarunt
457 3533 488 3585 et
501 3524 602 3584 multis
619 3523 762 3604 exemplis
777 3523 818 3583 il-

301 3606 467 3668 lustrarunt
486 3610 545 3666 Nic,
570 3609 676 3666 Helos.
689 3615 719 3664 et
732 3607 817 3664 Bur·-

303 3707 431 3750 mannus
451 3687 489 3746 ad
510 3689 629 3747 Patron.
652 3707 679 3746 c.
695 3687 761 3745 xt.

343 3771 384 3830 V.
404 3771 432 3831 5.
473 3769 530 3828 Dt't'
552 3770 666 3848 magm'.
712 3769 750 3827 cl.
779 3766 817 3827 ed

302 3847 402 3910 carm.
419 3850 507 3923 xlv,
520 3871 548 3908 v.
568 3873 611 3908 ια.
632 3849 816 3989 salaputium

302 3929 456 3992 disertum.
469 3931 501 3990 in
515 3931 694 3992 constituent
705 3929 821 4010 nsigni-

303 4011 441 4073 licatione
461 4013 542 4072 vocis
567 4011 717 4087 insolitae,
744 4032 820 4094 quae

301 4091 351 4155 hic
363 4093 569 4155 tantummodo
579 4093 725 4167 occurrit,
735 4092 821 4153 multi

300 4173 425 4236 fuerunt
457 4176 653 4258 interpretes,
689 4195 821 4258 quorum

300 4257 478 4320 dissidentes
507 4258 668 4318 sententias
695 4257 744 4318 hic
769 4277 822 4316 re-

302 4337 382 4402 ferte
403 4339 484 4402 haud
505 4339 621 4400 animus
640 4346 691 4399 est
713 4338 822 4401 Omnis

885 2715 985 2772 autem
997 2707 1034 2773 lis
1049 2707 1193 2794 componi
1207 2719 1325 2794 poterat
1339 2711 1408 2775 loco

885 2794 1019 2854 Senecae
1032 2794 1177 2857 Controv.
1189 2795 1251 2866 lll,
1270 2813 1327 2872 iq,
1356 2798 1408 2856 uhi

885 2875 924 2934 de
948 2875 1054 2936 eodem
1081 2875 1192 2936 Calvo:
1220 2877 1302 2936 Erat
1324 2881 1409 2937 enim

883 2957 1029 3040 parvulus
1038 2970 1172 3030 statura,
1185 2959 1409 3039 propterquod

886 3041 977 3098 etiam
995 3037 1132 3097 Catullus
1151 3040 1183 3097 in
1205 3037 1411 3118 hendecasyl-

887 3121 963 3178 labis
987 3133 1072 3178 vocat
1099 3119 1186 3178 illum
1218 3121 1409 3201 salaputium

890 3199 1034 3260 disertum
1044 3223 1054 3270 ,·
1073 3199 1169 3259 sedet
1182 3199 1224 3258 ibi
1243 3199 1315 3262 libri
1334 3211 1410 3262 tnr-

891 3281 977 3354 bnnt,
997 3290 1027 3340 et
1047 3281 1151 3340 endem
1170 3281 1234 3342 fere
1254 3281 1288 3340 in
1307 3283 1410 3344 Sene-

889 3383 941 3424 cae
965 3362 1032 3422 loco
1062 3362 1248 3443 conspicitur
1269 3361 1410 3428 lectionis

888 3445 1022 3506 varietas.
1061 3444 1229 3526 Aequiesco
1257 3445 1351 3522 iginir
1377 3448 1411 3507 in

887 3524 1018 3586 lectione
1026 3528 1221 3608 salaputium,
1231 3548 1322 3610 quam
1332 3529 1410 3609 opti-

888 3627 1010 3666 morum
1042 3615 1104 3666 tum
1134 3609 1284 3682 Senecae,
1318 3631 1409 3691 ψιειιι

888 3688 1016 3760 Catulli,
1041 3689 1150 3771 quibus
1173 3709 1205 3749 se
1232 3711 1320 3750 usum
1345 3713 1409 3751 esse

888 3771 1037 3842 affirmat,
1064 3769 1204 3830 codicum
1232 3773 1409 3834 anctoritate

889 3850 1039 3924 defendit,
1071 3851 1189 3911 erudite
1209 3849 1247 3912 de
1263 3854 1320 3915 hoc
1342 3853 1411 3915 loco

890 3932 1410 4015 dispumnsScaligerudCetolPoiet.

891 4014 955 4086 lll,
980 4015 1080 4096 Epigr.
1104 4018 1173 4089 248.
1194 4015 1226 4074 iu
1247 4016 1411 4100 Antholog.

890 4096 1032 4158 Burman.
1055 4095 1186 4157 Secund.
1201 4098 1282 4157 Totn
1318 4099 1352 4171 l,
1379 4121 1411 4182 p.

891 4178 960 4260 676.
975 4179 1064 4238 Putat
1077 4185 1176 4239 autem
1189 4178 1342 4258 Scaliger,
1356 4203 1412 4240 sa-

891 4260 1040 4344 laputium
1068 4279 1130 4320 esse
1154 4261 1309 4321 nutricum
1327 4265 1409 4316 iruu-

889 4347 975 4414 ,anu'v
990 4349 1120 4403 uantum
1130 4363 1146 4402 a
1152 4357 1244 4425 putus
1253 4341 1413 4429 relpunu,
