3000 5108
299 298 386 422 176
619 328 849 390 o.vntant1
883 328 1065 390 cnutus

329 531 421 592 dmui
443 549 605 613 porsonam
632 551 711 592 nunc
738 533 881 613 temporis
901 529 1003 590 adhue
1022 529 1169 603 induerit,
1199 532 1262 590 ἰαηι
1282 532 1316 590 in
1336 533 1400 590 vita

329 627 378 694 iili
393 628 462 711 suit
488 627 686 686 amatissima.
700 659 729 684 .-
759 627 912 687 Soietttttia
941 627 1063 705 Cybeles
1089 647 1180 687 sacro
1199 627 1244 686 ad
1264 627 1401 706 Phryges
1484 680 1487 695 ,

329 726 475 803 migrasse
488 721 627 782 videntur
639 745 659 782 o
673 721 866 782 Phoenicibus
879 755 900 768 -
913 723 998 782 Hinc
1015 725 1095 801 Atys
1115 743 1206 804 super
1225 721 1282 782 alta
1297 733 1401 784 rectus
1483 764 1487 775 ·

329 819 495 900 Phrygium
510 837 613 878 neotus
625 837 693 878 cum
707 817 862 876 comitibus
875 819 1023 898 ingressus
1036 837 1056 877 a
1073 817 1195 878 Catullo
1208 817 1401 879 inducitur.-

329 911 405 993 Ipsu
422 909 535 992 Cybele
551 931 659 970 nomen
675 931 758 970 suum
765 911 905 993 sortasse
921 914 1020 971 traxit
1034 933 1054 970 a
1069 907 1248 972 Plioerticiae
1266 915 1401 993 regionis

326 1020 417 1089 parte
437 1003 533 1065 Gubul
552 1019 580 1064 et
599 1007 662 1064 eius
681 1004 852 1065 sacerdotes
869 1004 950 1067 Galli
967 1008 1005 1066 ab
1021 1007 1181 1069 orientalis¹
1193 1006 1317 1089 &riguae
1333 1033 1402 1069 uoce

330 1097 480 1168 (devolvit
507 1112 537 1158 et
567 1099 636 1157 ltine
667 1098 890 1174 circumcidit.)
914 1130 935 1146 -
960 1101 1050 1161 Hnec
1060 1103 1150 1184 sere,
1186 1123 1265 1186 quae
1288 1105 1399 1186 potuis

330 1195 510 1277 complexus
523 1213 603 1266 sunt,
615 1195 721 1276 fusius
734 1194 778 1253 ad
790 1213 913 1256 carmen
927 1209 1060 1255 nostrum
1076 1195 1290 1257 illustrandum
1307 1219 1400 1256 ense-

331 1303 415 1350 cutus
434 1301 478 1349 cst
497 1289 701 1362 Werthcsiua,
721 1289 825 1371 qttibtu
846 1289 886 1348 de
907 1291 996 1352 totius
1013 1292 1159 1349 canusinis
1175 1291 1357 1351 subtimitate
1376 1307 1403 1350 et

333 1387 459 1467 singuiis
478 1388 542 1446 eius
562 1385 715 1446 uirtutibus
731 1385 917 1468 perpulchra
938 1385 989 1444 suh
997 1383 1101 1466 finem
1124 1383 1235 1445 addita
1254 1401 1297 1446 est
1311 1409 1403 1446 enar-

334 1486 424 1544 ratio.
447 1511 468 1528 -
496 1479 535 1540 In
559 1479 765 1540 constituendo
786 1479 873 1540 leuius
895 1483 1040 1541 carminis
1060 1493 1154 1540 metro
1178 1481 1400 1554 Galliambico,

332 1579 416 1638 dicto
437 1580 497 1648 ita,
519 1575 603 1658 quod
623 1595 645 1634 a
663 1571 756 1634 Gallis
775 1587 947 1649 caneretur,
971 1575 1105 1657 Magnae
1126 1579 1236 1638 illatris
1257 1579 1404 1637 socerdo-

336 1676 427 1745 tibns,
454 1689 522 1732 eum
543 1671 605 1730 eius
625 1671 705 1729 ratio
728 1689 788 1727 non
807 1671 883 1728 satis
900 1686 1057 1753 perspecta
1078 1687 1166 1744 esset,
1192 1695 1245 1734 nec
1270 1671 1350 1733 iliud
1371 1678 1404 1732 in

332 1785 439 1848 genere
458 1783 529 1835 suo,
549 1761 634 1843 quod
653 1775 780 1821 oetatem
801 1763 885 1835 tulit,
912 1767 1049 1838 unicum,
1076 1763 1121 1824 ad
1142 1769 1244 1825 ueteris
1266 1768 1392 1846 exempl
1398 1769 1403 1779 '

332 1877 472 1920 normam
486 1855 573 1936 exigi
583 1868 697 1936 posset,
714 1853 802 1914 vaide
815 1856 893 1916 inter
906 1859 984 1917 viros
998 1857 1103 1918 doctos
1116 1855 1316 1940 disceptatum
1317 1861 1404 1938 sitit,

332 1955 411 2016 adeo
432 1967 464 2013 ut
490 1973 533 2013 ea·
552 1953 728 2034 opinionum
756 1951 898 2011 uarietate
920 1954 1000 2012 mira
1022 1973 1139 2035 quoquc
1154 1955 1187 2012 in
1208 1961 1294 2013 textu
1314 1970 1404 2012 enata

331 2051 371 2108 sit
397 2047 533 2108 iectionis
557 2047 686 2104 varietas
709 2057 736 2103 et
760 2045 949 2127 depravatio.
1006 2048 1110 2128 Neque
1133 2067 1201 2106 vero
1226 2059 1347 2116 tanuen,
1377 2049 1404 2104 si

334 2161 459 2202 cumen
480 2153 630 2210 nostrum,
652 2151 684 2197 ut
704 2137 834 2209 uidetur,
858 2137 903 2199 ad
922 2159 1012 2217 gentas
1032 2137 1226 2222 rfferendum
1239 2143 1278 2198 sit
1297 2139 1404 2216 ditio·-

335 2239 519 2311 canticum,
542 2235 640 2318 quod,
664 2246 697 2296 ut
709 2236 793 2294 habet
808 2233 974 2310 Horatius,
999 2237 1133 2296 numeris
1145 2235 1211 2318 lege
1225 2236 1329 2297 solutis
1342 2235 1404 2298 ser-

337 2337 409 2405 itur,
428 2329 473 2390 vei
491 2333 524 2390 in
545 2329 712 2389 uniuersum
726 2351 753 2406 a
772 2337 862 2410 poeta
880 2335 982 2391 entheo
1001 2329 1120 2390 libet-ius
1136 2335 1279 2412 scriptum
1294 2335 1349 2403 sit,
1371 2331 1405 2388 ici

335 2443 489 2504 mutquant
509 2437 609 2482 certae
628 2425 688 2505 legi
706 2421 858 2504 adstringi
873 2445 961 2506 passe
980 2427 1122 2486 arbitror.
1138 2460 1158 2472 -
1181 2422 1237 2485 Ea
1261 2429 1405 2484 sententia

341 2515 450 2598 Vntpn·
470 2537 537 2576 vero
561 2515 749 2576 Galliambus
768 2532 885 2577 constat
904 2541 960 2578 sca
978 2519 1121 2600 pedibus,
1143 2535 1270 2600 quorum
1287 2521 1405 2598 peintus

325 2613 519 2697 frequentius
537 2625 579 2672 est
599 2622 786 2694 anapaestus,
807 2633 1021 2697 nonuunquam
1043 2613 1209 2695 spondaeus
1229 2613 1275 2672 vel
1293 2613 1406 2672 tribna-

338 2708 428 2790 chys3
448 2707 678 2792 secundussere
697 2709 830 2783 iambus,
849 2713 950 2769 rarius
971 2719 1160 2792 anapaestus,
1178 2707 1352 2791 tribrachys
1365 2710 1407 2766 sol

341 2803 492 2888 dactylus:
506 2807 608 2865 tertius
622 2825 711 2888 saepe
724 2805 840 2865 iambus
852 2827 924 2866 raro
940 2803 1120 2886 spondaeus:
1135 2820 1259 2889 quartus
1274 2803 1407 2887 dactylus

340 2901 386 2962 vel
399 2897 582 2982 spondaeus,
596 2902 715 2984 quintus
729 2921 819 2981 saepe
832 2898 984 2980 dactylus,
997 2900 1147 2960 interdum
1163 2914 1263 2959 tamen
1278 2899 1408 2959 caelicus

339 3007 393 3055 aut
408 2993 589 3076 spondaeus:
604 2995 725 3053 ultinnts
740 3003 911 3074 anapaestus
924 3007 951 3052 ct
965 3013 1178 3075 nonnunquam
1195 2992 1311 3056 iambus
1320 3013 1410 3073 pree·

339 3086 463 3147 cedettte
491 3088 614 3149 cretico.
643 3119 664 3132 -
695 3088 880 3147 Wartltesius
908 3087 1074 3146 Gatttnmbt
1100 3087 1227 3147 &hema
1253 3087 1410 3146 mnan

339 3180 477 3240 exhibuit
497 3181 570 3241 hoc.-

588 3277 700 3342 vv-lv
730 3277 798 3342 -Ιυ
827 3275 1126 3344 -l-vvl-vvluu-

602 3360 761 3426 ..Ιυυυι
854 3360 1125 3426 ...10va

539 3498 543 3506 .
587 3441 762 3506 evolvo-1
854 3441 860 3505 l
950 3439 957 3506 l
1048 3441 1055 3505 l

338 3553 454 3632 Sedet.
462 3553 589 3630 licinius,
601 3559 800 3638 peritissimus
812 3559 920 3616 iturum
931 3577 1032 3616 rerum
1046 3557 1198 3636 ntagister,
1207 3555 1240 3614 in
1249 3558 1411 3625 sententiis,

343 3675 419 3738 quas
435 3653 575 3737 publicae
595 3654 818 3710 examinationi
831 3653 951 3711 subiecit
963 3654 995 3710 in
1011 3651 1241 3730 Programmate
1255 3649 1414 3710 Proaodise

344 3751 478 3810 Graecae
493 3750 644 3808 Accentus
658 3745 817 3804 inclinatio
834 3747 1008 3826 Epimetron
1024 3744 1120 3804 Panis
1134 3741 1165 3814 l,
1182 3743 1329 3824 inscripto
1344 3744 1416 3814 (Li-

341 3845 423 3928 ptiae
448 3847 546 3927 1782)
566 3856 673 3902 contra
696 3841 859 3900 Werlltesii
879 3845 1027 3900 rationem
1052 3842 1210 3924 proposuit
1229 3841 1326 3899 hone.-
1354 3841 1416 3916 Qui

345 3937 455 4000 Catulli
476 3959 597 3998 carmen
628 3935 665 3995 de
689 3934 791 3994 Attice
811 3935 900 3994 vertit
928 3934 959 3994 in
990 3933 1224 4020 (lemaanicutn,
1248 3941 1281 3991 et
1304 3935 1418 4016 optimc

344 4029 556 4112 interpretatus
574 4039 618 4092 est
636 4029 843 4103 Wartltcsius,
862 4029 892 4087 in
912 4025 1092 4111 exponendo
1106 4037 1203 4087 metro
1219 4022 1419 4088 Galliambico

342 4124 538 4183 veliementer
554 4124 704 4186 averilate
716 4123 881 4194 altercavit,
900 4123 991 4184 metri
1010 4143 1131 4184 caesura
1147 4120 1297 4192 tollenda,
1313 4122 1420 4180 eteius

344 4216 441 4276 tribus
471 4217 581 4280 ultimis
611 4217 754 4299 pedihus,
782 4227 939 4299 anapaesto
966 4227 996 4278 et
1018 4215 1141 4276 duobus·
1160 4213 1266 4274 iansbis
1290 4215 1323 4274 in
1345 4213 1420 4275 duos

346 4307 478 4392 dactylos
492 4320 523 4372 et
535 4325 727 4396 anapaestum
737 4313 897 4379 vertendis.
911 4317 996 4377 Nam
1009 4309 1166 4396 cogitarit,
1184 4329 1341 4372 caesanam
1357 4329 1422 4368 csse
