3036 5114
276 402 353 464 xv!

513 401 648 462 INDEX
680 397 917 460 EDITIONVM
952 399 1132 460 cmm!

452 603 496 678 de
514 601 715 687 Gherem,
736 600 798 700 qui
815 627 890 674 una
905 601 1032 675 vivrmt
1048 601 1209 676 feliciter.
1258 605 1377 679 Vene-

454 718 532 809 tiis,
550 716 610 789 fol.
628 715 705 788 Vrd.
723 715 908 788 Maittaire
926 715 949 786 l.
968 741 1001 786 a.
1018 742 1053 815 p.
1072 715 1156 788 350.
1203 715 1268 787 Est
1285 718 1377 792 haec

453 829 587 918 editio,
626 853 737 926 quam
770 827 1042 901 Bronclrhusius
1075 826 1275 928 prinoipem
1301 853 1378 902 esse

454 941 632 1042 putabat,
659 945 696 1014 et
721 967 767 1014 ex
792 967 866 1042 qua
891 935 1086 1015 lectionem
1111 939 1280 1044 adposuit
1304 939 1374 1015 sub

454 1055 508 1128 lit
526 1057 570 1128 D.

284 1169 373 1259 1481
405 1167 541 1242 Catull.
559 1169 685 1271 Regii,
703 1167 764 1244 fol.

281 1343 378 1358 ...-
403 1283 564 1375 Tibulli,
598 1285 754 1375 Catulli,
780 1287 982 1388 Propertii,
1012 1295 1251 1359 cumeorum
1280 1281 1379 1371 vita,

455 1427 591 1502 opera,
619 1403 729 1500 Regis
752 1402 877 1499 lepidi,
904 1400 1176 1474 accuratissime
1202 1399 1380 1497 impressa

456 1515 668 1588 auctoribus
686 1517 862 1616 Prospero
881 1513 1052 1586 Odoardo
1070 1519 1107 1586 et
1123 1511 1275 1585 Alberto
1297 1511 1382 1580 Ma·
1469 1573 1474 1578 .

456 1629 527 1704 zali
550 1628 810 1730 Regiensibus,
839 1654 934 1702 anno
962 1627 1088 1700 salutis
1112 1625 1198 1712 1481
1233 1651 1275 1723 ¹9
1298 1623 1380 1696 Kal.

456 1741 610 1814 Octobr.
629 1741 689 1814 fol.
707 1741 823 1814 Paulo
845 1741 1068 1840 frequentior
1092 1739 1184 1811 haec
1201 1743 1257 1809 est
1273 1735 1381 1808 editio

402 1951 405 1956 Ι
458 1880 573 1954 quam
599 1857 810 1956 superiores.
910 1852 1182 1947 Adseryabatur
1206 1853 1318 1926 etiam
1342 1852 1382 1924 in

461 1969 690 2044 Bibliotheca
705 1969 913 2042 namna.
929 1950 1152 2044 vamtatem
1178 1993 1222 2043 ex
1248 1995 1291 2041 a.
1318 1965 1384 2040 ae-

460 2087 636 2186 scriptam
661 2085 738 2158 Nic.
765 2084 934 2157 Heinsius
960 2085 1164 2173 habuerat,
1199 2091 1237 2157 et
1269 2081 1383 2156 Brou-

461 2198 633 2272 ckhusius
651 2221 797 2298 quoque
814 2198 852 2270 in
867 2199 1096 2272 variantium
1116 2197 1297 2298 adparatu
1315 2196 1383 2268 ad·

454 2315 586 2416 posuit.

284 2479 384 2510 ε...-
410 2427 567 2518 Catulli,
581 2427 738 2518 Tibulli,
756 2431 918 2529 Propert.
936 2453 1048 2530 opera
1064 2435 1100 2502 et
1117 2427 1222 2502 Statii
1240 2425 1382 2524 Sylvae.

461 2541 598 2616 Actum
605 2543 815 2616 Vincentiae
828 2567 893 2642 per
904 2544 1120 2644 magistrum
1129 2542 1180 2616 Io.
1189 2543 1384 2616 Ilenensem

463 2665 500 2732 et
510 2657 724 2759 Dionysium
736 2657 989 2731 Bertlsocfrum.
1015 2659 1112 2731 Tum
1127 2659 1164 2732 in
1176 2659 1279 2731 trinis
1292 2656 1384 2729 foliis

462 2771 653 2844 subiicitur
669 2771 827 2844 Carmen
845 2773 895 2845 Io.
910 2771 1141 2868 calphurnia,
1159 2777 1290 2872 poetae
1310 2768 1384 2842 cla·

428 2943 434 2953 .
460 2885 611 2972 rissimi‚
638 2883 684 2956 ad
705 2885 757 2955 Io.
776 2883 1054 2956 lnderbachium
1072 2883 1283 2956 Pontificem
1300 2880 1386 2951 Tri-

462 2995 651 3070 dentinum
665 2996 708 3069 de
722 2997 890 3071 laudibus
903 2998 999 3082 eius,
1020 3003 1057 3070 et
1070 2996 1113 3069 de
1126 2997 1274 3069 interitu
1287 2993 1385 3066 beati

462 3112 619 3184 Simonis
636 3111 782 3184 infantis
799 3137 822 3184 a
840 3111 979 3184 ludaeis
996 3113 1159 3185 mactati.
1177 3111 1237 3184 fol.
1290 3111 1387 3183 Con·

466 3225 549 3330 tigit
574 3227 629 3301 Cl.
656 3227 795 3325 Heym'o
821 3250 963 3300 versare
982 3251 1063 3299 eam
1086 3227 1277 3319 manibus,
1300 3251 1386 3299 cum

466 3344 712 3416 Bibliothecae
732 3342 907 3442 Georgiae
934 3341 1120 3443 Augustae
1139 3368 1182 3417 ea
1200 3344 1302 3416 illata
1328 3343 1386 3416 sit.

468 3459 658 3532 Praefatur
674 3459 831 3531 breviter
848 3458 897 3528 lo.
916 3456 1160 3558 Calpburnius
1174 3460 1219 3532 ad
1233 3461 1389 3532 Hermo·

470 3570 573 3644 laum
591 3571 738 3657 lCtum,
756 3575 794 3642 et
810 3577 989 3643 memorat
1010 3595 1072 3660 se,
1089 3573 1137 3646 ab
1155 3572 1389 3648 adolescenti·

466 3683 537 3756 bus
569 3681 734 3756 studiosis
759 3689 952 3784 rogatum,
987 3689 1029 3756 ut
1062 3687 1290 3784 Propertium
1324 3689 1391 3757 aut

470 3796 577 3869 Statii
608 3795 735 3892 Sylvas
768 3797 810 3868 iis
840 3797 1163 3896 interpretaretur,
1196 3796 1390 3869 editionem

472 3911 649 3981 Venetam
665 3933 873 4009 percurrere
887 3911 1065 4010 coepisse;
1081 3915 1138 3982 tot
1152 3916 1276 3982 autem
1289 3933 1392 3982 men-

472 4022 525 4094 dis
538 4023 708 4096 refertam
720 4047 802 4096 eam
816 4023 1100 4126 deprehendisse,
1114 4030 1156 4098 ut
1169 4025 1274 4126 longe
1282 4025 1391 4125 plura

471 4142 591 4209 essent
608 4137 735 4210 vitiosa
750 4144 787 4210 et
799 4138 1013 4239 depravata,
1032 4163 1145 4236 qnam
1159 4163 1252 4237 quae
1270 4161 1392 4210 emen-

473 4251 560 4324 data
575 4279 586 4337 ;
612 4255 819 4327 convenisse
837 4253 964 4352 itaque
977 4279 1014 4326 se
1033 4255 1225 4328 nonnullos
1242 4253 1393 4352 impres·
1419 4312 1423 4320 ,

474 4389 572 4436 sores
588 4371 624 4438 et
636 4367 823 4440 tradidisse
835 4367 878 4439 iis
891 4367 1077 4468 exemplar
1085 4373 1310 4453 correctum3
1323 4389 1392 4440 nee
