3036 5114
338 322 404 381 LVI
684 311 832 378 vvteu'
853 313 1051 380 D'litTRlBE

323 499 376 590 ln
402 541 445 590 eo
472 524 596 590 autem
621 541 695 592 non
719 523 886 591 servatur
923 518 1173 620 synaloephe,
1209 521 1272 598 eod
1310 522 1436 596 hiatus

335 633 553 730 relinquitur
578 638 712 730 quarto
737 631 842 706 loco:

335 831 415 894 Galli
429 834 434 900 Ι
448 837 517 896 crim
530 833 594 894 Rhe
608 835 614 902 Ι
627 856 702 896 num
716 833 834 898 horribi
848 841 853 910 Ι
866 787 968 921 lesquri
982 853 989 919 ι
1001 837 1057 899 olrt

334 1039 415 1112 Hoc
441 1065 571 1140 genere
596 1065 720 1115 versus
744 1044 862 1116 utitur
887 1043 1047 1117 Catullus
1081 1045 1156 1134 bis,
1189 1043 1362 1119 nimirum
1399 1045 1435 1119 in

336 1155 479 1228 duabus
504 1155 601 1244 odis,
628 1181 785 1254 quarum
810 1162 966 1256 utraque
992 1163 1047 1231 est
1072 1157 1207 1232 dicolos
1240 1165 1435 1234 tetrastro-

335 1272 447 1371 ph0s;
474 1278 646 1346 constant
685 1273 781 1344 enim
821 1297 866 1346 ex
904 1272 1038 1372 duplici
1077 1298 1205 1374 genere
1239 1299 1437 1362 versuum,

335 1388 518 1488 Sapphico
557 1393 594 1461 et
630 1386 797 1471 Adonio,
838 1386 1071 1486 singulaeque
1111 1413 1240 1462 earum
1264 1392 1439 1490 strophae

339 1500 525 1596 quaternis
551 1499 713 1572 versibus
739 1498 1034 1572 concluduntur:

342 1691 442 1756 Carm.
467 1717 511 1754 ιι.
533 1691 621 1764 Furi,
641 1701 672 1751 et
691 1691 808 1766 Aureli,
828 1691 950 1753 comites
970 1689 1088 1754 Catulli.

461 1785 509 1847 51.
530 1785 584 1846 lllo
604 1787 647 1844 ml
664 1807 722 1867 par
741 1806 802 1846 esse
823 1785 880 1847 deo
900 1785 1028 1847 ridetur.

391 1993 434 2062 V.
460 1991 587 2081 Quinti
612 1991 750 2090 generis
776 1995 831 2062 est
855 1989 1037 2079 Adonius,
1061 1991 1259 2066 versiculus
1276 1995 1441 2096 exiguus,

342 2103 405 2202 qui
431 2108 577 2177 constat
601 2102 746 2200 dactylo
772 2109 809 2176 et
833 2103 1042 2202 spondaeo,
1066 2109 1130 2175 ut:
1177 2119 1178 2125 ’

340 2269 409 2364 'litt
423 2321 429 2387 Ι
442 2308 585 2388 rumpono
630 2329 634 2342 ·

344 2502 466 2575 Utitur
491 2525 534 2574 eo
559 2502 726 2576 Catullus
750 2502 834 2592 bis,
857 2509 900 2576 ut
924 2505 1035 2606 paulo
1060 2510 1146 2578 ante
1171 2505 1340 2580 diximus.

393 2762 453 2834 Vl.
478 2758 537 2834 Ad
560 2763 704 2834 sextum
729 2787 842 2862 genus
875 2761 1031 2863 pertinet
1067 2765 1292 2838 Trochaicus
1329 2767 1443 2840 Stesia

346 2877 510 2963 chorius,
539 2901 648 2975 quem
672 2876 959 2976 Autispasticum
997 2879 1108 2950 etiarn
1145 2887 1305 2968 vocant,
1339 2885 1443 2956 Pria=

343 2992 489 3092 peium,
505 2998 542 3064 et
558 2990 793 3090 Angelicum':
811 2993 873 3088 qui
890 3013 1013 3063 versus
1030 2993 1176 3064 constat
1192 3017 1255 3066 sex
1270 2992 1444 3094 pedibusr

346 3110 479 3182 choreo
517 3107 574 3180 vel
613 3106 815 3206 spondaeo,
851 3104 1020 3202 dactylo,
1044 3108 1180 3180 cretico
1197 3135 1309 3198 -v—‚
1325 3113 1446 3184 rarius

346 3219 515 3316 dactylo,
532 3219 667 3292 iterum
685 3219 817 3291 choreo
833 3217 892 3290 vel
908 3217 1111 3318 spondaeo,
1126 3219 1259 3295 iterum
1277 3222 1448 3324 dactylo,

344 3337 574 3433 postremum
601 3331 756 3420 choreo,
782 3337 847 3403 ut:

344 3531 1210 3628 ·utss111repsiatunhssesissave,rerrsrnrepu
1330 3521 1332 3526 ’

344 3645 514 3724 Quemdrim
528 3646 533 3712 Ι
549 3643 664 3704 mimici
678 3647 683 3710 Ι
696 3647 765 3726 piru
779 3643 880 3702 mium
893 3644 898 3709 1
914 3639 951 3702 de
965 3644 998 3704 tir
1011 3651 1017 3716 Ι
1031 3649 1050 3704 ὃ
1064 3643 1131 3704 voli>
1147 3647 1152 3710 Ι
1165 3641 1259 3726 pont&

345 3751 440 3816 Nutri
453 3756 458 3820 Ι
473 3759 505 3825 ὁ,
518 3749 613 3833 maigis
628 3753 633 3818 Ι
647 3756 677 3810 tt
689 3751 783 3832 migis
797 3753 802 3818 Ι
816 3757 850 3810 rit
861 3749 899 3808 be
912 3751 918 3815 Ι
932 3749 980 3809 atri
993 3751 1066 3833 qaiot
1079 3743 1089 3823 Ι
1099 3751 1195 3811 inuis.

346 3857 408 3919 Pro
421 3856 505 3940 queis
518 3865 523 3932 Ι
538 3855 640 3918 omnia
653 3856 712 3925 bist
726 3854 853 3916 noribris
865 3862 872 3928 Ι
886 3855 959 3916 hare
972 3855 1048 3922 uici
1063 3856 1123 3916 Esse
1137 3853 1191 3916 Pri
1204 3856 1210 3922 Ι
1224 3855 1282 3938 opti

347 3963 398 4023 'In
412 3963 459 4024 sos
473 3966 478 4032 Ι
491 3969 523 4024 si
536 3961 616 4044 Ligt‘r
630 3973 635 4037 Ι
649 3969 677 4023 ri
690 3963 766 4023 iicet
778 3967 783 4032 Ι
797 3962 907 4044 sirbpiir
921 3963 926 4030 Ι
940 3963 1009 4022 nott
1022 3962 1052 4022 s'e‘
1066 3964 1072 4028 Ι
1086 3960 1153 4024 cort

347 4076 481 4135 Tantum
493 4075 500 4142 Ι
514 4071 583 4134 dem
597 4071 696 4134 omnia
709 4074 715 4138 1
729 4071 858 4132 suadens
871 4073 876 4140 Ι
890 4093 979 4154 quam
992 4071 1016 4131 si
1031 4073 1036 4138 Ι
1050 4072 1131 4132 nulla
1144 4072 1182 4134 sit
1194 4090 1200 4155 Ι
1214 4087 1341 4158 usquam
1358 4053 1362 4060 ⁴

349 4179 490 4254 Quercus
503 4180 508 4245 Ι
523 4175 604 4236 arida
619 4191 623 4259 Ι
637 4175 748 4238 rustica
762 4179 767 4243 Ι
781 4177 888 4237 consen
902 4179 907 4243 Ι
922 4185 999 4236 mula
1011 4195 1042 4236 se
1056 4179 1061 4226 Ι
1076 4175 1144 4236 curi

346 4288 435 4350 ‘Alter
448 4291 454 4359 Ι
468 4309 558 4372 parra
571 4289 600 4350 fs
614 4293 619 4360 Ι
634 4307 703 4350 reus
716 4307 808 4348 mauu
821 4285 960 4372 lflscmper
973 4283 978 4349 Ι
993 4305 1117 4346 munera
1131 4286 1137 4354 Ι
1150 4284 1232 4367 large
