2992 5116
465 252 638 314 CARMEN
673 255 784 350 LXlV.
1076 253 1168 348 227

62 457 174 554 Quod
192 457 263 533 tibi
281 458 311 532 si
328 456 446 530 sancti
462 455 682 530 concesserit
696 453 818 528 incola
835 455 952 544 ltoni,

63 580 169 668 Quae
185 581 353 648 nostrum
371 595 484 672 genus
502 595 546 643 ac
564 569 664 643 sedes
682 569 870 644 defendere
888 571 987 644 fretis

62 693 225 779 Annuit,
243 695 286 764 ut
302 689 401 762 tauri
417 709 605 788 respergas
622 685 798 786 sanguine
817 685 1002 760 dextram:
1097 687 1169 762 230

63 807 165 878 Turn
182 827 267 876 vero
286 801 480 892 facil02ut
496 797 648 871 memori
666 797 732 870 tibi
752 799 899 871 condita
916 797 1024 871 eorde

63 918 170 990 Haec
187 917 334 1016 vigeant
350 912 546 998 mandata,
564 935 631 984 nee
648 909 725 983 ulla
742 909 1048 984 obliteret'aetas:

63 1033 135 1119 Ut,
154 1030 308 1104 simulac
325 1033 469 1105 nostros
484 1025 642 1098 insisent
658 1023 799 1097 lumina
818 1025 950 1116 colles,

64 1149 270 1220 Funestam
288 1150 470 1217 antennae
487 1139 672 1238 deponant
689 1139 849 1236 undique
867 1147 1025 1234 vestem,
1049 1140 1068 1163 ’“

66 1259 307 1358 Candidaque
325 1253 452 1331 intorti
468 1251 664 1326 sustollant
681 1251 762 1324 vela
779 1251 970 1342 rudentes,
1100 1255 1173 1330 235

64 1371 82 1408 *
93 1372 234 1448 Lucida
253 1396 327 1472 qua
345 1366 535 1472 splendent
549 1364 683 1442 summi
698 1365 887 1477 earclresia
906 1366 1013 1445 meli:

67 1653 102 1708 V.
121 1655 179 1706 2²8.
195 1655 220 1704 at
236 1655 303 1704 tarsu
318 1653 466 1703 comessari:
484 1651 513 1702 in
529 1667 582 1702 nno
599 1649 666 1704 sut
683 1648 817 1701 consedeas
834 1667 882 1720 pro
899 1654 1048 1702 temessertt
1063 1650 1091 1702 iu
1110 1649 1176 1704 edit.

67 1731 150 1786 silvii
167 1739 195 1784 st
210 1734 239 1782 in
257 1729 372 1798 margine
389 1730 453 1783 edit.
471 1729 574 1800 Gryph.
610 1757 642 1773 -
659 1729 750 1794 Itltrni
770 1727 810 1780 rel
828 1729 916 1783 letoni
939 1730 967 1780 iu
989 1729 1066 1783 MSS.
1084 1730 1174 1786 surii·

66 1809 100 1862 V.
119 1823 176 1876 ²²9·
195 1807 237 1860 3ο.
254 1809 328 1876 Quae
339 1820 454 1868 nestrum
465 1827 544 1878 peetus
555 1808 603 1858 lias
617 1807 687 1858 sedes
699 1807 922 1878 deliniet-estest,
940 1808 1038 1860 Annuit
1056 1820 1083 1858 ur
1101 1809 1173 1860 teari

69 1910 202 1960 respergas
219 1895 343 1958 satagente
363 1889 492 1940 dextram.
511 1890 539 1940 in
556 1887 657 1941 dnobus
675 1887 751 1940 MSS·
768 1887 855 1940 Statii.
874 1907 921 1958 pro
930 1891 998 1958 sueti
1015 1891 1116 1960 optime
1134 1907 1174 1941 re·

68 1977 233 2042 scripserunt
242 1972 323 2040 fietis
342 1967 442 2022 suune
459 1977 487 2022 at
503 1967 625 2038 Scaliger.
661 1966 716 2020 Sed
733 1967 839 2020 Vossius
862 1971 999 2040 antiquius
1015 1971 1090 2040 ‚qnid
1111 1970 1176 2026 anb-

68 2053 199 2116 odoram,
216 2060 246 2102 nt
262 2067 328 2102 vers.
342 2065 369 2102 ιι
379 2067 398 2100 ι.
410 2048 473 2100 iecit
487 2048 547 2100 inde
559 2047 699 2106 Emissos.-
713 2047 781 2117 quod
793 2047 918 2102 ambabus
931 2051 1043 2120 arripuit
1054 2049 1177 2122 Vulpina-

68 2133 100 2184 in
117 2131 195 2184 editt.
212 2130 305 2181 Veuet
324 2125 426 2198 Gryph.
444 2125 540 2180 Manet.
558 2135 585 2179 et
601 2125 660 2180 aliis
677 2126 787 2195 legitera
805 2125 941 2197 defendere
957 2139 1029 2180 seete
1046 2128 1087 2182 vel
1104 2143 1178 2182 sueta

68 2227 128 2277 ast,
145 2211 214 2264 unde
230 2210 287 2262 Nic.
306 2209 396 2260 Heius.
414 2209 442 2259 in
460 2215 516 2260 not.
533 2206 568 2260 ad
585 2205 683 2262 Catnll.
698 2207 837 2278 dependere
850 2212 947 2270 evitas,
967 2227 1014 2279 pro
1022 2211 1104 2281 fietis
1123 2219 1178 2262 ten·

67 2291 145 2342 tabat
166 2287 348 2340 Misicherliels.
371 2288 399 2339 in
423 2287 508 2356 Epist.
526 2287 616 2340 Critis.
634 2288 662 2339 iu
685 2287 839 2357 Apollndnr.
857 2305 883 2356 p.
901 2297 940 2352 47.
966 2293 1006 2354 4⁸·
1024 2293 1086 2342 creti
1105 2286 1131 2340 li.
1149 2305 1174 2340 e.

65 2371 134 2430 lilii,
156 2369 203 2422 sed
218 2367 296 2420 valde
317 2366 429 2426 dubito,
449 2383 482 2420 an
502 2380 584 2418 astus
602 2367 659 2420 siste
675 2357 802 2434 ragisriine
819 2367 961 2436 significare
978 2369 1173 2442 pnaaitfilinm.

65 2449 136 2504 anilii
154 2449 206 2518 ipsi
223 2447 288 2500 olina
305 2448 333 2498 in
350 2455 466 2500 mentem
483 2445 606 2500 variabat
623 2447 759 2518 &findere
778 2448 880 2500 adorsis
898 2448 944 2504 ned
952 2453 1034 2516 jretia
1051 2447 1182 2514 doctius,.

65 2527 185 2594 mains,
210 2533 237 2576 et
254 2527 334 2594 nangis
349 2527 482 2593 pottietrast
497 2537 547 2580 est·
572 2524 604 2578 V.
622 2523 678 2576 233.
696 2525 781 2600 Simul
799 2526 862 2578 lese
878 2527 907 2581 in
924 2543 976 2578 uno
994 2535 1022 2578 et
1037 2527 1112 2578 sirmi
1131 2526 1171 2578 lain

66 2605 218 2660 indentes
235 2606 314 2660 MSS·
337 2607 432 2670 statii,
455 2605 527 2676 qnod
543 2605 672 2676 posterius
697 2603 741 2657 ille
767 2603 869 2674 probat.
891 2617 994 2658 tenstrna
1022 2620 1066 2658 tue
1090 2612 1170 2660 viseeu

67 2687 150 2738 tenue
165 2685 242 2738 aniles
257 2686 370 2739 coniecit
387 2685 511 2738 Heinsius
522 2687 551 2738 in
564 2693 618 2738 unt.
630 2683 664 2736 ad
675 2681 817 2736 Catullum.
862 2683 892 2736 V.
905 2690 918 2714 *
934 2683 990 2742 236.
1005 2684 1108 2740 essulet
1126 2685 1170 2738 liic

67 2787 160 2824 versus
177 2769 205 2820 in
223 2765 346 2820 omnibns
362 2765 438 2820 libris
450 2767 530 2820 MSS.
543 2778 571 2819 at
581 2767 657 2820 editt.
675 2776 726 2818 vet.
745 2765 847 2817 Citatnr
857 2763 902 2818 ille
918 2785 933 2818 a
951 2767 1054 2824 Nonio,
1070 2776 1097 2817 et
1113 2785 1176 2829 cum¹

66 2845 189 2900 lllnretus
212 2847 242 2900 iu
268 2847 384 2916 antiquis
412 2845 488 2898 libris
516 2855 577 2916 post
600 2845 797 2899 antecedentem
821 2863 923 2897 versum
946 2851 1047 2896 tantuna
1073 2845 1182 2914 inillis

68 2930 151 3000 spatii
168 2944 301 3004 superesse
317 2927 549 2990 animadverteret,
567 2935 694 2995 quantum
710 2927 775 2980 setis
785 2935 853 2980 esset
869 2928 914 2978 erni
929 2928 1012 2976 versui
1025 2923 1173 2990 scrivendo,

68 3011 128 3064 inse
151 3009 311 3082 postliminii
339 3007 530 3070 landavensem
559 3007 735 3068 wtnundurn
762 3017 788 3064 et
816 3010 845 3064 iu
874 3007 922 3068 lene
944 3007 999 3068 loca
1016 3009 1176 3085 ponendum
1230 3063 1234 3070 ,

112 3261 155 3321 V.
165 3261 226 3322 228
234 3291 254 3306 -·
263 3257 312 3318 31.
324 3256 605 3338 Qrendtihisiseuet.
648 3255 762 3326 cultum
773 3253 810 3314 nd
820 3254 1013 3318 Athenienses
1026 3257 1175 3321 transitus

72 3353 132 3408 ete.
143 3341 269 3404 Sensus:
280 3340 415 3402 Sisenetl
425 3338 608 3402 lteniineole
647 3339 777 3400 tradunt.
793 3335 852 3398 vid.
868 3337 954 3398 Voss.
971 3371 991 3382 ·
1006 3339 1132 3400 Letum
1144 3340 1176 3400 in

70 3425 103 3487 h.
130 3444 156 3484 e.
184 3422 321 3482 Minerva
342 3428 437 3502 (quae
459 3421 558 3482 lasere
578 3429 609 3480 et
648 3419 788 3503 spicileg.
807 3414 1092 3481 (inservientem
1108 3420 1178 3482 huic

71 3523 209 3564 annuere
223 3503 299 3566 solet
310 3501 415 3568 fidenti
427 3502 528 3562 animo
557 3519 609 3562 en·
647 3501 715 3563 loco
734 3499 875 3562 orationis
894 3501 1019 3559 tonnam
1039 3494 1179 3563 duirnntlss

70 3597 135 3646 tem
148 3593 280 3644 nostram
289 3592 321 3644 et
330 3581 498 3644 nrbemdei'
556 3601 609 3643 ere
648 3583 738 3646 vertit
750 3581 829 3664 apud
844 3581 967 3642 llomer.
979 3577 1067 3642 iliad.
1083 3581 1128 3656 V,
1149 3605 1177 3644 v.

72 3665 337 3748 aggredientibus)
352 3663 410 3726 lane
423 3662 611 3732 tiltinnnees-
650 3665 718 3743 259.
733 3683 814 3746 seqq.
1192 3722 1196 3743 ¹,

69 3751 162 3818 serit,
178 3743 609 3826 ntsnnguinetenridestiem
653 3777 658 3784 ·
691 3747 730 3805 V.
754 3745 822 3804 adr.
843 3744 895 3802 itti
916 3743 1040 3804 condita
1062 3745 1180 3824 vigeant

73 3823 623 3984 tiltttltttstllltl'
649 3823 1178 3973 iiiiiiV³¹l⁰i⁸⁵¹⁰V⁰²⁰⁰l

74 3990 168 4054 facito
190 3997 248 4050 ete.
273 4021 294 4034 -
320 3991 424 4052 lineares
445 3989 507 4054 sive
525 3989 612 4050 itone
692 3991 732 4052 V.
756 3987 823 4059 stt
838 3989 956 4067 sunme-
983 4003 1050 4052 uest.
1079 3988 1179 4050 velunt

4 4073 7 4102 '
75 4069 227 4152 oppidum
246 4069 433 4142 Thessaliae,
453 4068 612 4130 ubinobi-
651 4068 867 4149 ferrugineum.

76 4153 227 4222 lissimunr
245 4151 397 4215 ,ttinersae
408 4150 552 4230 templum
562 4171 614 4212 es·
693 4153 733 4209 V.
755 4151 825 4218 nisti.
844 4153 998 4218 rurcdesia
1019 4153 1096 4212 ninii
1116 4169 1183 4232 pars

4 4231 8 4248 '
75 4232 326 4312 strennuitate,
353 4231 434 4294 unde
458 4231 613 4298 lllinerrae
652 4230 723 4296 meli
753 4239 905 4308 extreme,
943 4233 1007 4306 eise
1037 4231 1183 4304 lbrnuriun
