3036 5114
303 897 673 976 EDITIONVM
707 899 1001 975 CATVLLI

323 1063 327 1068 ’
362 1112 407 1173 ru
426 1111 507 1174 sax
526 1109 939 1216 mrrresnnroesrvs

178 1325 268 1385 qm
283 1325 358 1370 m!
372 1325 483 1370 TOTVH
497 1325 539 1368 EX
551 1315 703 1368 bmrron
717 1309 887 1368 ultionem
898 1321 1128 1368 DESCRIPSIHVS·
1225 1287 1228 1295 ¹

420 1802 576 1877 Areas
601 1802 629 1875 1.
675 1801 893 1876 narnus.
974 1905 977 1912 Ι

109 2016 205 2106 1472
232 2008 537 2108 Editrbprinccps.
574 2008 709 2083 Valerii
723 2009 860 2082 Catulli
872 2013 1105 2103 Veronensis,
1118 2015 1208 2115 pole·-

282 2134 344 2201 tae
360 2125 566 2213 clarissimi,
585 2125 761 2198 carmina.
796 2123 893 2197 Albii
909 2126 1046 2200 Tibulli
1063 2129 1207 2228 Equitio

286 2242 444 2315 Romani
457 2245 588 2340 poetae
602 2239 748 2340 elegiae.
778 2237 915 2312 Aurelii
932 2241 1108 2343 Propertii
1123 2248 1210 2318 Um-

286 2354 343 2428 bri
360 2354 503 2427 Mevani
522 2354 696 2426 carmina.
739 2355 779 2425 P.
792 2353 933 2453 Papinii
946 2356 1052 2428 Statii
1064 2357 1209 2432 Surculi

288 2465 483 2568 Sylvarum
498 2469 589 2542 liber
606 2469 652 2541 ad
667 2467 829 2542 Stellam.
848 2465 908 2542 fol.
960 2471 1063 2546 Haec
1080 2473 1208 2563 editio,

285 2581 536 2658 Brouckhusio
567 2584 728 2658 nondum
758 2585 858 2673 visa,
884 2583 1017 2686 Vulpio
1047 2585 1209 2686 p'rimum

292 2701 463 2804 cognita,
496 2705 616 2772 exstat
642 2700 679 2772 in
702 2699 928 2774 Bibliotheca
959 2703 1209 2776 Laurentiana

283 2809 499 2886 Florentiae.
509 2837 541 2884 v.
550 2805 759 2885 Montefalc.
768 2810 859 2885 Bibl.
868 2813 969 2887 MSS.
980 2815 1024 2884 Τ.
1033 2817 1062 2904 Ι,
1076 2842 1112 2916 p.
1122 2817 1208 2915 309.

284 2935 324 3004 et
349 2932 386 3003 in
411 2929 539 3004 Museo
565 2930 726 3003 Britann.
742 2953 762 3004 e
778 2923 947 3014 Biblioth.
965 2929 1108 3002 Askew.
1126 2933 1208 3003 Me-

284 3049 452 3116 moratur
487 3069 510 3116 a
544 3045 742 3117 Maittairio
772 3045 878 3117 Tom.
905 3045 941 3134 l,
971 3043 1011 3116 P.
1041 3046 1068 3114 1.
1101 3045 1212 3140 (sive

285 3161 329 3234 T.
351 3158 441 3256 IV.)
468 3187 503 3260 p.
522 3161 607 3235 3'20.
625 3161 794 3234 Nondum
812 3162 1006 3236 editionem
1023 3159 1121 3234 hanc
1135 3162 1209 3235 cri·-

287 3279 360 3351 tico
379 3277 548 3350 acumine
566 3275 795 3376 exploratam
820 3275 897 3350 ess'e
924 3301 1030 3380 aegre
1056 3279 1126 3352 lert
1150 3279 1207 3354 Cl.

286 3393 423 3493 Hosne.
467 3391 523 3463 Ex
540 3389 581 3462 iis
600 3395 745 3481 tamen,
764 3416 859 3490 quae
875 3391 1029 3493 Vulpius
1048 3418 1209 3468 comme-

286 3514 434 3596 morat,
468 3511 549 3579 turn
575 3505 653 3578 aliis
678 3508 901 3608 argumentis
924 3509 1117 3609 probabile
1142 3511 1208 3600 fit,
1337 3521 1349 3578 t

287 3623 443 3695 alteram
469 3621 556 3692 anni
587 3619 692 3706 1481.
724 3645 838 3694 exea
864 3647 941 3695 esse
966 3623 1209 3722 descriptam,

286 3735 450 3833 adeoque
468 3733 661 3807 lectionem
679 3758 745 3806 nos
763 3735 837 3807 eius
851 3735 926 3806 iam
939 3739 1127 3806 enotatam
1141 3735 1213 3806 ba·
1329 3738 1340 3771 ²

287 3848 396 3936 bere,
415 3845 502 3918 dum
515 3846 622 3919 huius
636 3847 849 3920 varietatem
862 3845 1133 3918 Brouckhusius
1147 3847 1212 3922 de·

287 3959 389 4033 derit.

117 4073 212 4168 1473
240 4069 408 4146 Catullus
425 4097 490 4172 per
506 4073 630 4172 Steph.
643 4073 821 4148 Corcillum
834 4073 950 4147 editus
964 4075 1134 4165 Parmae,
1151 4078 1211 4164 fol.
1270 4081 1273 4088 '

118 4191 212 4286 1475
238 4188 392 4278 Catulli,
406 4189 561 4278 Tibulli,
581 4189 756 4291 Propertii
774 4185 910 4264 Aurelii
926 4199 1061 4268 nautae
1079 4201 1212 4294 poetae
1245 4179 1250 4188 ¹

289 4302 327 4376 et
354 4303 460 4376 Statii
485 4303 624 4405 Papinii
650 4303 843 4400 Sylvarum
855 4303 961 4379 liber.
1013 4304 1213 4408 Impressus

290 4443 402 4520 opera
415 4425 451 4493 et
462 4420 628 4521 impensa
642 4421 693 4492 Io.
706 4419 749 4494 de
763 4421 905 4494 Colonia
919 4428 955 4495 et
967 4426 1019 4495 lo.
1034 4424 1210 4496 Manthen
1327 4419 1328 4424 ’
