3010 5092
317 325 377 433 74

644 341 682 402 e.
702 339 870 400 varran
905 327 1086 400 crrvrrr‘

315 539 415 611 Eone
430 537 597 626 nomine,
614 537 818 639 Imperator
833 540 961 628 unice,

313 656 430 728 Fuisti
445 655 483 728 in
497 653 629 726 ultima
644 655 852 728 Occidentis
869 655 1010 742 insula,

314 771 362 840 Ut
379 768 449 840 ista
464 773 588 840 vostra
604 767 773 841 diffututa
791 768 955 842 mentula

313 881 511 955 Ducenties
528 885 725 972 comesset,
744 887 812 954 aut
826 879 1041 954 trecenties?

314 996 411 1088 Quid
428 995 506 1069 est?
523 996 575 1068 ait
591 995 735 1068 sinistra
752 995 973 1085 liberalitas,

254 1105 258 1120 '
313 1111 451 1184 Parum
466 1110 691 1209 expatravit3
709 1133 758 1182 an
774 1134 908 1209 parum
922 1109 1107 1184 helluatus
1122 1109 1202 1184 est?

313 1224 473 1296 Paterna
489 1223 608 1322 prima
623 1221 811 1295 lancinata
828 1229 914 1296 suut
930 1224 1047 1295 bona:

313 1337 482 1412 Secunda
498 1337 634 1437 praeda
648 1339 818 1411 Pontica:
834 1338 916 1410 inde
935 1339 1042 1410 tertia
1082 1387 1086 1394 -

313 1448 472 1541 Hibera,
489 1473 602 1549 quam
618 1451 687 1522 scit
703 1451 819 1524 amnis
835 1451 969 1524 aurifer
986 1453 1124 1552 Tagus.
1370 1477 1418 1524 ao

312 1691 696 1746 V·15·verissiencrnihivise
712 1699 754 1745 eet
769 1699 859 1744 nostra
875 1691 905 1742 in
922 1697 1025 1744 tentum
1044 1697 1149 1760 recept·
1168 1687 1261 1750 lectio,
1285 1691 1316 1742 in
1338 1707 1418 1760 qam

312 1774 466 1844 conspirant
486 1771 547 1824 libri
564 1782 662 1826 veteres
679 1773 766 1826 Vossii
781 1781 809 1826 et
829 1771 964 1840 Scaligerh
983 1772 1034 1826 vid.
1055 1782 1112 1824 notu
1130 1773 1159 1823 in
1175 1771 1233 1824 MS.
1250 1773 1334 1824 staur
1350 1773 1418 1841 Quat

312 1869 359 1908 est.
382 1857 431 1910 alit
447 1859 554 1908 sinistra
569 1855 720 1906 liberalitas.
737 1854 804 1906 ltine
815 1854 943 1906 Fa'e'rnur:
961 1853 1032 1923 Queat
1042 1854 1155 1906 abstulit.
1173 1854 1243 1921 (tutet
1252 1867 1291 1904 ert
1302 1855 1367 1913 alit,
1380 1853 1419 1904 rel

310 1939 366 1992 alid
383 1957 431 2005 pro
446 1935 528 1989 aliud.
567 1935 635 1990 stat.
652 1953 688 1986 aa
704 1934 765 1986 daea
782 1939 889 1986 aeterra
905 1934 1048 1986 liberalitas
1065 1934 1166 1986 Parnm
1187 1933 1361 2004 capae-avit?
1386 1952 1417 1986 er

311 2016 462 2070 coniectura
478 2014 586 2067 Avertit
603 2013 711 2083 probate
729 2011 833 2064 Murato
850 2021 877 2064 et
892 2011 962 2074 aliis,
981 2013 1093 2082 repetita
1105 2030 1177 2064 nnnc
1189 2013 1217 2064 in
1231 2012 1296 2066 edit.
1309 2011 1416 2084 Bipont.

311 2097 427 2168 Vulpins
443 2095 477 2149 ad
493 2095 572 2149 Statii
588 2095 763 2146 coniecturam
783 2100 884 2144 tertam
901 2093 1085 2146 conformavit.
1114 2095 1149 2148 V.
1169 2097 1208 2148 18.
1222 2100 1337 2164 perimere
1354 2094 1419 2146 nale

312 2178 342 2230 in
360 2187 424 2231 vett.
437 2175 602 2247 quibusdem.
630 2172 712 2224 Vno.
729 2189 805 2240 quam
816 2177 890 2224 auexit
907 2193 1042 2244 perperam
1054 2175 1188 2228 nonnulli.
1204 2193 1270 2243 quae
1280 2187 1307 2227 et
1317 2176 1419 2244 aurijir

311 2260 400 2332 Tagus
415 2277 451 2313 sc.
468 2255 577 2329 praedae
599 2252 704 2313 attulit,
726 2270 821 2323 parurn
842 2254 975 2323 ingeniose
999 2255 1120 2310 tentabat
1145 2265 1171 2310 et
1194 2257 1419 2328 interpretabatur

311 2475 420 2558 igitur,
450 2495 507 2535 cur
532 2474 563 2534 in
589 2472 648 2536 boc
673 2472 743 2536 loco
769 2479 830 2533 tam

310 2555 537 2638 interpretando
550 2577 640 2650 quom
650 2555 831 2636 corrigendo

310 2636 386 2697 adeo
406 2657 437 2697 se
456 2645 599 2697 torserint
619 2637 805 2720 interpretes.
843 2703 847 2712 ,

351 2721 392 2780 V.
411 2740 458 2778 ra.
473 2719 645 2800 Imperator
658 2721 752 2779 unice.
765 2718 832 2784 uui-

310 2821 365 2860 cus
383 2798 482 2860 latinis
501 2798 629 2873 dicitur,
655 2798 708 2894 qui
727 2820 832 2882 parem

309 2881 357 2941 sui
375 2902 438 2942 nou
459 2879 563 2956 habet,
588 2880 641 2963 qui
664 2903 697 2942 m
722 2901 832 2962 genere

309 2984 364 3023 suo
394 2961 663 3044 praestantissimus
689 2971 740 3024 est.
771 2961 831 3022 rid.

308 3045 413 3106 Heius.
426 3064 551 3126 operose
562 3043 833 3106 buiusvocisusum

308 3125 513 3187 adstruentem
525 3125 564 3186 ul
579 3123 669 3188 ovid.
683 3125 758 3186 Met.
771 3124 832 3196 lll,

307 3208 378 3282 454.
399 3208 496 3267 ultim.
518 3205 624 3268 Oecid
642 3208 700 3264 ires.
716 3205 833 3266 Britan·

307 3288 368 3347 nia.
398 3289 457 3348 ista
487 3301 583 3348 vestra
609 3285 645 3370 di
671 3301 712 3346 ut.
740 3301 832 3346 amat.

307 3367 406 3448 lepida
418 3369 588 3428 Mamurrae
596 3375 648 3447 pat
671 3366 711 3426 ici
720 3365 834 3428 descri-

306 3450 381 3591 ptio.
402 3449 520 3508 elatrent.
535 3462 588 3507 aut
600 3461 738 3520 trecent,
756 3445 788 3506 b.
803 3469 829 3508 e.

331 3531 462 3592 acontias
476 3538 527 3589 aut
535 3528 695 3589 trecenties
705 3537 845 3600 centena,

300 3609 399 3672 'millia
413 3610 591 3672 sestertium.
606 3625 763 3682 comesset,
781 3609 832 3670 di·

306 3691 469 3775 lapidaret,
488 3691 681 3774 decoqueret.
702 3691 756 3753 Sic
775 3713 831 3752 co-

306 3776 426 3836 medere
445 3793 584 3834 nunrmos
605 3771 685 3854 apud
705 3773 769 3833 Cic.
792 3771 832 3833 ed

306 3856 399 3916 Attio.
419 3855 468 3930 ll,
489 3877 518 3914 a.
532 3853 610 3916 bona
623 3853 780 3914 consedere
793 3853 848 3924 ad,

306 3935 379 3998 niv.
400 3937 465 4010 lx,
484 3959 534 3998 no.
556 3936 595 3998 ef.
614 3935 779 4017 Interpret.
793 3933 832 3995 ad

305 4017 411 4077 llorat.
446 4018 539 4098 Epist.
570 4017 602 4092 l,
638 4016 684 4078 15.
719 4021 771 4093 4ο.
802 4026 833 4077 et

305 4097 426 4159 Victor.
447 4101 521 4160 Ver.
543 4099 628 4161 Lect.
649 4099 712 4173 lV,
733 4121 761 4160 c.
782 4099 810 4159 6.

344 4180 387 4239 V.
407 4180 452 4240 ιθ.
521 4185 527 4196 ’
564 4183 633 4242 est?
650 4181 831 4242 adsimila.

305 4259 389 4338 Quid
413 4269 494 4320 tum.
528 4261 568 4322 ait
588 4263 762 4344 importuna
780 4269 832 4320 tua

303 4338 831 4446 lilaeralitafflisrueleetimporttmtt

892 2473 951 2534 iam
959 2473 1098 2536 liberalis.
1106 2498 1218 2558 param
1227 2481 1417 2560 expatravit,

892 2577 955 2616 uon
969 2556 1043 2616 odeo
1058 2557 1188 2618 multum
1198 2558 1344 2618 absumsit
1355 2558 1421 2618 libi·

892 2635 975 2696 dine.
987 2637 1102 2698 Eodem
1110 2659 1201 2699 sensu
1207 2639 1289 2721 apud
1296 2639 1421 2700 Sueton.

893 2720 975 2778 Caes.
1008 2741 1037 2780 e.
1067 2719 1128 2793 Ll,
1161 2719 1274 2780 dicitur
1308 2743 1421 2780 aarum

892 2801 1065 2882 ‹plieuere-
1084 2799 1145 2862 Sed
1165 2822 1290 2882 quaeso,
1321 2802 1424 2882 pergit

893 2888 999 2962 poeta,
1012 2903 1052 2940 an
1064 2903 1176 2964 parum
1190 2883 1340 2942 tammus
1354 2885 1420 2941 est?

893 2981 969 3020 num
995 2961 1139 3024 dicihec
1172 2971 1271 3044 potest
1286 2965 1423 3044 paratu?

894 3064 966 3102 mox
992 3053 1129 3104 recenset
1156 3044 1219 3184 ipse
1248 3043 1368 3126 perdita
1395 3055 1424 3102 et

894 3133 1049 3186 consumta
1060 3123 1149 3184 bona.
1178 3128 1334 3192 ausinora,
1349 3123 1380 3182 h.
1395 3145 1422 3182 e.

894 3203 1037 3279 lacerata,
1059 3205 1206 3285 dissipata.
1226 3205 1288 3266 rid.
1301 3205 1425 3266 Cortius

896 3284 934 3346 ad
953 3285 1074 3348 Sallust.
1095 3287 1159 3346 cat.
1182 3287 1278 3359 XIV,
1300 3308 1330 3344 2.

935 3367 975 3426 V.
994 3387 1037 3446 19-
1049 3367 1426 3450 Secund.proed.Poutic.

895 3449 1020 3510 Vossius
1034 3449 1143 3531 accipit
1154 3447 1192 3508 de
1203 3449 1290 3512 lucro
1299 3449 1425 3508 Caesari

895 3527 967 3589 olim
977 3551 1014 3590 ex
1026 3529 1226 3591 coutubernio
1240 3532 1284 3591 Μ.
1292 3529 1426 3590 Thermi

894 3613 1043 3690 praetoris
1061 3621 1091 3671 ct
1111 3611 1310 3672 familiaritate
1331 3611 1427 3672 Nico-

894 3691 990 3751 medis
1003 3693 1159 3774 bithyniae
1174 3693 1253 3774 regis
1266 3693 1357 3752 facto.
1373 3693 1427 3753 alii

895 3771 1066 3852 intelligunt
1075 3773 1180 3854 spolie,
1192 3795 1285 3856 quae,
1299 3795 1427 3855 supera-

894 3863 926 3914 to
937 3855 1024 3914 Ponti
1039 3875 1112 3936 rege
1125 3855 1298 3928 Pharnace,
1315 3855 1428 3914 Caesar

894 3935 1047 3996 retulerat.
1074 3941 1162 3998 tertia
1190 3939 1309 3997 Hibera
1337 3948 1427 3997 recte

895 4015 1112 4098 iuterpretatur·
1125 4019 1252 4080 Vossius
1261 4018 1299 4078 de
1309 4019 1429 4099 praeda

894 4098 965 4160 belli
986 4099 1159 4162 Lusitanici.
1180 4122 1273 4183 quarm
1287 4102 1363 4172 scit,
1386 4099 1428 4158 de

895 4201 953 4320 pua
965 4181 1040 4240 facta
1050 4179 1162 4263 praeda
1169 4182 1249 4240 testis
1256 4189 1301 4240 est
1309 4181 1428 4260 Tagus,

925 4262 1065 4322 usitaniae
1097 4262 1206 4322 fluvius
1236 4261 1429 4332 notissimus,

897 4361 987 4425 saepe
1007 4345 1090 4406 enim
1110 4343 1194 4408 tlueii
1213 4363 1318 4406 rerum
1337 4365 1428 4429 prac-
