3036 5114
1196 405 1225 470 v
1332 413 1345 440 r

118 628 410 736 editionem
447 630 819 755 adornaverat,
869 674 1010 780 quae
1044 635 1217 744 rarior

114 819 249 940 iam,
276 817 349 926 ab
379 817 603 924 eruditis
628 821 838 927 curiose
860 829 1216 972 conquiritur.

113 999 291 1110 Huius
318 1001 587 1156 ,industria
615 1002 848 1150 pulchre
875 1045 1003 1116 usus
1035 1039 1217 1116 noster
1363 1055 1364 1058 ¹

112 1216 219 1309 est,
258 1187 432 1294 multa
467 1224 625 1292 exea
663 1213 946 1333 tamquam
982 1190 1114 1298 silva
1148 1192 1218 1298 ad

110 1407 225 1476 rem
269 1397 424 1478 suam
466 1368 795 1489 hauriendo,
847 1407 989 1514 quae
1039 1372 1098 1476 in
1140 1409 1219 1478 ar·

108 1576 262 1658 ctum
287 1553 640 1660 contraheret.
689 1551 877 1660 Latius
903 1552 1048 1660 enim
1076 1589 1212 1658 sese

114 1732 343 1880 Vulpius
380 1715 667 1857 effuderat,
705 1735 813 1842 sive
847 1759 1104 1849 naturam
1143 1771 1218 1840 se·

109 1949 292 2043 cutus,
313 1923 445 2044 sive,
466 1923 613 2068 quod
632 1922 881 2028 criticam
899 1950 1071 2028 artem
1092 1904 1213 2068 pross

108 2111 300 2232 sessus,
327 2151 437 2258 quo
463 2139 704 2259 tempore
728 2111 877 2258 apud
900 2152 995 2219 nos
1021 2117 1217 2223 remis-²

109 2298 223 2404 sius
258 2298 433 2404 excoli
472 2327 744 2443 coeperat,
779 2299 1120 2445 diligentiam
1158 2331 1215 2408 et

109 2486 328 2632 copiam
350 2483 687 2602 ostentando,
715 2481 911 2588 harum
929 2482 1213 2594 literarum

104 2667 329 2774 laudem
354 2665 543 2772 Italiae
568 2665 727 2770 vellet
752 2664 1057 2770 conciliare.
1113 2665 1212 2768 Ve-
1291 2747 1301 2766 .

104 2883 264 2966 rum,
301 2885 476 2992 quum
514 2847 790 2966 saeculum
827 2845 994 2951 ferme
1031 2846 1142 2951 iam
1167 2886 1228 2954 ra·

106 3025 311 3173 Vulpio
336 3033 696 3176 praeterierit,
724 3029 984 3138 nonnulla
1009 3030 1210 3135 rectius

104 3251 275 3336 nunc,
315 3216 620 3362 meliusque
653 3217 765 3324 dici
796 3221 954 3326 nemo
985 3217 1211 3364 mirabi-

104 3425 220 3520 tur,
246 3402 565 3546 praesertim
599 3441 771 3547 quum
802 3401 896 3510 ille
922 3404 1209 3514 Vossianaa

103 3591 402 3698 sententiae
434 3591 562 3737 plus
593 3631 769 3738 aequo
796 3593 1070 3715 addictus,
1100 3633 1208 3702 non

102 3815 322 3924 semper
362 3776 597 3886 liberum
640 3778 909 3888 iudicium
945 3783 1004 3886 in
1034 3821 1211 3916 emen·

102 3959 329 4066 datione
358 3987 538 4069 textus
566 3961 832 4069 habuerit.

180 4139 331 4249 Haec
350 4142 741 4292 rleDoeringio.
769 4143 924 4276 Quae
949 4183 1075 4252 vero
1094 4145 1211 4290 ipse

97 4333 452 4485 perfecerim,
488 4335 683 4484 paucis
719 4332 875 4442 habe.
919 4333 1210 4484 Exemplar
