3036 5114
334 317 476 378 XXXlV
571 319 705 380 lNDEX
739 318 975 378 EDlTlONVM
1010 319 1191 379 cervam

511 654 776 738 mostubus
801 663 865 740 ET
891 659 1258 740 METAPHRASES.

387 863 523 940 Catulli
549 865 839 968 Epithalamium
864 893 997 970 graeca
1021 869 1246 970 metaphrasi
1264 857 1445 944 donatum

340 1012 361 1056 a
379 987 421 1088 Q
439 981 591 1082 Seph'mo
609 983 770 1057 Florente
788 983 1005 1058 Christiano.
1047 985 1161 1058 Paris.
1182 990 1203 1072 4
1230 983 1322 1078 1587
1346 989 1445 1088 apud

338 1097 479 1174 Morell.
519 1095 621 1170 llaec
648 1097 891 1198 metaphrasis
915 1123 1047 1172 recusa
1072 1104 1128 1171 est
1153 1099 1190 1172 in
1216 1087 1300 1173 edit.
1326 1103 1444 1174 Lond.

343 1218 450 1312 1715.
901 1217 907 1226 ’
1320 1285 1323 1294 ,

391 1330 569 1404 Carmina
595 1325 775 1426 quaedam
794 1351 814 1399 e
830 1325 947 1398 latino
970 1325 1108 1400 Catulli
1128 1347 1259 1428 graece
1276 1353 1447 1429 expressa

341 1443 513 1546 leguntur
527 1443 565 1514 in
583 1442 668 1514 edit.
687 1442 764 1512 lani
782 1439 944 1528 Dousue,
966 1439 1083 1540 Lugd.
1107 1441 1213 1540 1592.

393 1557 586 1634 Po'e’malia
604 1554 785 1654 quaedam
809 1553 969 1644 Catulli,
996 1555 1079 1628 Tib.
1106 1562 1144 1629 et
1168 1559 1276 1656 Prop.
1312 1555 1449 1630 selecta

340 1694 471 1776 graece
496 1669 636 1743 reddita
661 1693 726 1769 per
751 1671 821 1742 los.
840 1665 1064 1767 Scaligerum
1086 1669 1181 1744 1615
1209 1669 1243 1740 8.
1274 1671 1449 1771 Repetita

338 1796 395 1863 est
408 1790 500 1862 haec
517 1785 758 1884 metaphrasis
776 1783 814 1855 in
831 1783 916 1856 edit
943 1783 1060 1857 Lond.
1085 1787 1199 1879 1715,
1218 1793 1256 1859 et
1272 1785 1336 1860 illa
1353 1789 1447 1888 pha-

337 1901 402 1976 seli
417 1903 454 1973 in
469 1897 624 1974 editione
640 1895 896 1990 Senstlebz'ana,
911 1899 1008 1998 Lips.
1030 1897 1053 1970 8
1076 1899 1182 1984 1642.

302 2035 305 2046 ·
327 2049 331 2058 ·
386 2013 539 2086 Amores
557 2011 692 2087 Catulli
710 2035 755 2084 ex
772 2012 953 2111 poematis
968 2012 1080 2112 ipsius
1094 2012 1209 2112 petito
1224 2019 1447 2112 argumento

336 2126 482 2199 Gallica
503 2147 612 2225 prosa
636 2125 819 2227 ingeniose
837 2124 1028 2225 descripsit
1052 2125 1344 2223 coniecturisque
1369 2127 1446 2198 suis

337 2243 513 2344 explicuit
533 2243 687 2314 loannes
708 2240 920 2335 capellanus
947 2240 1020 2336 (de
1038 2241 1075 2313 la
1092 2240 1292 2341 Cbapelle,
1319 2243 1383 2340 qui
1410 2249 1449 2315 et

337 2382 397 2430 an.
422 2377 513 2456 ipra
542 2377 693 2426 amores
711 2351 847 2426 Tibulli
874 2353 1099 2453 descripsit)
1141 2355 1255 2428 Paris.
1288 2354 1380 2428 1680
1409 2361 1448 2428 et

335 2466 488 2541 Amstel.
509 2467 602 2566 1699
626 2494 666 2539 12
683 2465 825 2540 duobus
839 2467 1106 2558 voluminibuS,
1128 2475 1240 2566 atque
1255 2467 1350 2542 inter
1365 2469 1446 2541 eius

336 2604 449 2682 opera
489 2583 720 2676 Paris.1700
759 2589 814 2656 1'2.
831 2581 982 2655 Gallum
999 2589 1146 2656 secutus
1159 2584 1366 2658 Germanus
1391 2589 1449 2656 est

333 2697 372 2768 in
390 2695 507 2785 libro,
533 2697 594 2768 cui
610 2694 761 2768 titulus:
780 2696 945 2770 loachim
965 2697 1106 2798 Meyers
1124 2719 1196 2769 von
1214 2695 1438 2797 Perlenberg

282 2835 288 2860 r
334 2811 678 2912 Durehlauchtigste
697 2809 872 2884 Romerin
890 2809 1042 2899 Lesbia,
1060 2817 1130 2883 etc.
1146 2810 1245 2910 Lips.
1269 2811 1362 2909 1690
1383 2811 1420 2882 8.

388 2928 524 3001 Catulli
540 2933 644 3000 casta
658 2929 834 3015 carmina,
850 2924 986 2998 selecta
999 2951 1022 2997 a
1035 2927 1155 3026 Raph.
1170 2927 1302 3026 Eglr'no
1317 2927 1443 3000 leonio

337 3069 426 3118 curn
445 3041 607 3117 eiusdem
623 3040 786 3114 vindiciis
801 3041 897 3114 Ciris
912 3038 1162 3130 Catullianae,
1182 3041 1353 3117 adversus
1371 3047 1443 3116 los.

337 3161 585 3262 Scaligerum,
602 3157 769 3230 Francos.
790 3155 883 3230 1606
902 3182 945 3228 12
961 3153 1090 3228 additis
1105 3157 1262 3257 Scioppii
1277 3159 1447 3258 epithetis

336 3281 375 3348 et
406 3275 617 3372 synonymis
652 3271 805 3372 poeticis
831 3277 870 3342 et
903 3271 998 3344 notis
1028 3271 1191 3346 eiusdem
1220 3273 1268 3346 ad
1296 3275 1443 3350 Claudii

336 3385 512 3459 Verdierii
526 3385 747 3458 censionem.
767 3385 848 3474 *Qui
866 3384 935 3457 sub
955 3383 1157 3482 Imperai'zb's
1175 3387 1322 3460 nomine
1340 3413 1445 3462 com-

334 3497 458 3600 plures
485 3495 629 3570 labulas
657 3499 909 3570 Romanenses
935 3523 1103 3571 sermone
1130 3500 1328 3573 vernaculo
1354 3503 1448 3576 Ger-

333 3610 480 3684 manico
500 3611 565 3707 (ut
581 3609 633 3682 lo.
650 3611 864 3707 Capellanus
882 3611 956 3684 sive
971 3612 1015 3686 de
1033 3614 1067 3685 lo
1087 3613 1255 3708 Chapelle
1271 3615 1446 3712 Gallico)

334 3727 464 3815 edidit,
492 3731 652 3800 testatur
681 3727 793 3800 etiam
811 3725 937 3827 praelo
963 3751 1001 3802 se
1028 3735 1198 3828 paratam
1219 3728 1355 3804 habere
1373 3733 1446 3805 De·

318 3837 443 3928 liam,
469 3839 668 3936 Cynthiam
694 3847 732 3915 et
758 3841 996 3938 Lycoridem,
1027 3841 1103 3916 sive
1130 3843 1291 3933 Catulli,
1307 3847 1446 3917 Tibulli

337 3975 382 4022 ac
396 3951 577 4049 Propertii
590 3959 765 4052 poe'mata
777 3955 940 4030 versibus
953 3958 1182 4031 Germanicis
1196 3985 1365 4058 expressa
1379 3961 1444 4050 sic,

336 4067 380 4132 ut
406 4061 551 4158 fabulae
569 4067 728 4140 eroticae
747 4067 810 4141 illa
827 4069 1048 4159 intexuerit,
1076 4078 1113 4145 et
1138 4097 1262 4145 rerum
1289 4073 1446 4174 Augusti

336 4175 491 4273 Imperio
501 4179 642 4252 Romae
653 4187 841 4280 gestarum
852 4207 926 4256 non
940 4183 1179 4258 inarnoenam
1193 4185 1444 4258 narrationem

327 4285 443 4401 (fuerit
458 4298 684 4390 persecutus.
