3036 5114
291 357 517 416 VERSIONES
551 361 606 418 ΕΤ
643 359 959 426 METAPHnIsES.
1062 367 1192 426 XXXV

133 560 414 652 Epithalamium
449 564 614 638 Thetidos
638 581 672 642 et
696 568 796 641 Pcler‘
817 568 999 642 redditum
1025 571 1189 643 carmine

76 672 210 745 Italico
237 700 260 746 a
285 676 472 750 Ludovico
499 678 698 762 Alomonno
726 681 804 777 (1),
827 682 889 779 qui
913 682 1052 781 primus
1070 681 1107 754 in
1125 683 1188 754 he-

77 787 188 861 roicis
205 813 293 862 usus
311 790 379 862 fuit
394 816 525 892 genere
546 818 718 868 versuum
743 795 926 887 liberiori,
962 796 1061 896 quod
1087 797 1189 871 Italis
1304 823 1314 842 ·

77 908 175 977 versi
184 905 304 976 sciolti
317 905 372 1002 (2)
387 905 615 1006 appellatur:
633 911 688 982 uti
701 917 785 1010 post
794 911 1042 988 Alamannum
1060 912 1188 986 deinde

76 1014 195 1090 iecere
223 1017 432 1095 Ludovicus
457 1021 678 1094 Marcellin
702 1023 926 1122 Metaphrasi
955 1024 1037 1096 libri
1064 1027 1187 1123 quarti

75 1133 284 1222 Aeneidos,
310 1135 532 1236 Hippolytus
559 1137 603 1210 de
629 1138 778 1210 Medicis
800 1138 838 1210 in
855 1141 1080 1239 Metaphrasi
1099 1139 1182 1210 libri

75 1246 249 1335 secundi,
268 1247 454 1322 Trissinus
471 1248 509 1320 in
526 1249 729 1348 Claudiano
743 1249 787 1323 de
804 1256 915 1352 raptu
930 1251 1188 1359 Proserpinae,

76 1365 114 1432 et
131 1359 196 1432 alii
214 1359 341 1433 deinde
359 1361 397 1433 in
417 1361 507 1435 aliis.
543 1421 544 1427 1

126 1480 259 1549 Petrus
283 1477 461 1551 Toissond
475 1481 658 1570 Quaestor
681 1479 912 1581 Burgundiae
934 1505 970 1554 a.
997 1481 1089 1572 1715
1115 1487 1188 1557 aet.

76 1619 124 1686 72
142 1593 350 1681 defunctus,
365 1595 460 1666 inter
473 1593 558 1680 alia,
577 1594 723 1690 quaein
736 1596 813 1667 eius
827 1599 904 1666 vita
916 1602 1182 1686 memorantur,

73 1707 227 1804 reliquit
254 1709 456 1780 versionem
483 1706 667 1782 Gallicam
692 1703 909 1780 Officiorum
936 1706 1122 1782 Ciceronis
1146 1715 1184 1780 et
1335 1785 1337 1792 ,

73 1820 330 1919 Metaphrasin
347 1819 496 1906 Catulli.
542 1819 629 1897 Vide
656 1819 811 1908 Journal
837 1796 905 1894 des
924 1821 1063 1908 Savans
1085 1821 1179 1915 1716

73 1938 180 2034 Sept.
198 1962 234 2034 p.
254 1937 341 2009 300.

122 2047 351 2146 Epitalamio
378 2049 471 2123 nelle
496 2074 611 2123 nozze
638 2049 673 2123 di
698 2050 806 2124 Peleo
822 2076 842 2124 e
860 2050 942 2124 Teti
970 2049 1005 2123 di
1031 2049 1079 2142 C.
1100 2051 1180 2123 val.

71 2163 239 2252 Catullo,
254 2164 417 2237 tradotto
431 2167 469 2246 in
483 2166 575 2250 versi
583 2167 742 2250 Tuscani
758 2165 829 2263 (ab
845 2165 1181 2266 Octav.NcrucoI).

70 2277 184 2350 Siena
207 2276 296 2370 1751
330 2277 367 2351 8.

125 2391 356 2463 Traduction
381 2415 427 2464 en
453 2393 563 2466 Pmse
590 2393 633 2466 de
668 2391 835 2482 Catulle,
866 2390 950 2464 Tib.
976 2396 1014 2463 et
1036 2387 1176 2462 Gallus.

74 2507 150 2577 Par
181 2504 347 2580 I'Auteur
374 2505 435 2579 des
461 2507 602 2581 Soirees
619 2507 878 2582 Helvetiennes
910 2507 1003 2602 (M.r
1023 2507 1180 2603 Pezay)

73 2625 213 2719 'lomes
231 2649 266 2694 2.
311 2621 428 2694 Amst⁴
450 2619 537 2715 177’1
571 2621 614 2710 8,
642 2648 730 2696 avec
756 2647 807 2694 un
828 2621 991 2698 discours
1014 2620 1178 2722 7116111111-

73 2739 191 2811 noire.
243 2739 277 2808 T
278 2761 352 2809 om.
371 2737 387 2808 Ι
405 2735 663 2837 complectitur
677 2729 815 2810 Catulli
832 2742 975 2823 textum
993 2761 1079 2808 cum
1096 2761 1176 2808 ver·

74 2853 179 2922 sione
196 2856 234 2922 et
250 2851 357 2922 notis.
385 2848 652 2922 Nonnuliorum
679 2851 886 2923 carminum
911 2848 1180 2931 obscoenorum

75 2962 176 3035 solus
197 2968 321 3036 textus
339 2961 543 3044 exhibetur,
595 2963 664 3036 Sed
682 2963 796 3034 versio
813 2961 925 3036 levior
942 2961 1111 3033 habetur.

125 3080 322 3150 Poematto
348 3075 383 3146 di
410 3075 559 3148 Catullo
587 3077 731 3148 intorno
748 3073 819 3150 ,alle
837 3099 952 3150 uozze
971 3073 1006 3150 di
1024 3071 1131 3144 Peleo
1159 3096 1179 3150 e

74 3192 109 3263 di
125 3193 212 3264 Teti
231 3190 343 3263 edun
362 3189 572 3290 epitalamio
589 3189 682 3261 dello
702 3197 835 3284 stesso,
854 3189 1006 3264 tradotti
1024 3189 1060 3262 in
1081 3189 1174 3260 versi

73 3305 221 3388 1111111111
250 3305 298 3398 (a
323 3303 465 3403 loseph.
497 3303 660 3400 Torelli).
703 3305 847 3375 Verona
874 3301 1123 3396 1781111118.

124 3417 274 3492 Katulls
300 3417 464 3516 epischer
488 3417 634 3519 Gesang
658 3441 730 3491 von
755 3417 819 3490 der
843 3418 1091 3520 VerthIung
1116 3417 1178 3490 des

73 3537 231 3623 Peleus,
258 3532 430 3606 metrisch
455 3531 640 3606 iibersetzt
664 3531 740 3605 und
764 3535 834 3614 mit
858 3535 997 3636 einigen
1024 3537 1178 3607 Anmer-

73 3651 224 3750 lungen
249 3645 422 3747 begleitet
446 3669 517 3722 von
542 3647 570 3718 l.
597 3645 739 3720 Gurlitt.
764 3649 888 3748 Leipz.
921 3649 989 3743 178
1042 3649 1077 3721 8.
1220 3745 1222 3752 p

122 3764 252 3839 versio
284 3759 615 3834 Eisensohmidioua
652 3763 873 3836 Germanica
898 3782 1034 3838 excusa
1060 3766 1116 3837 est
1139 3759 1178 3846 in

73 3881 159 3952 edit.
177 3874 331 3964 Lenzii,
349 3874 495 3962 Altenb.
519 3875 622 3970 1787.

115 4199 161 4266 (ι)
173 4183 321 4248 Giomalo
331 4185 376 4246 de*
384 4184 511 4246 letterati
521 4184 611 4248 d'Ito-
650 4184 692 4248 ris
705 4194 736 4246 et
748 4183 1057 4260 nomoeotelcutorum
1068 4183 1133 4266 loge
1142 4181 1177 4255 111

75 4271 121 4336 iio.
137 4273 176 4331 T.
192 4269 350 4342 XXXIII,
365 4290 395 4350 p.
410 4269 477 4342 324.
650 4269 751 4340 beros,

116 4363 161 4430 (2)
177 4350 273 4432 Quasi
288 4373 384 4426 versus
398 4352 508 4416 solutos
522 4348 611 4422 dixe·
