3036 5114
344 311 445 370 xuv
596 309 634 372 G.
667 309 835 370 vnuunu
870 309 1050 413 curvum
1082 308 1194 370 vm.

343 513 451 612 plura
468 512 617 585 sumsit:
641 518 723 586 turn
741 513 1230 615 comparativus'ostreosior,
1242 537 1359 586 carm.
1378 513 1444 602 rs,

342 634 533 701 auctorem
549 651 657 700 suum
675 629 762 700 satis
779 627 936 712 clamat;
953 627 1158 731 huiusmodi
1174 631 1271 702 enim
1287 655 1440 731 compa-

342 745 467 819 rativis
484 743 704 846 longioribus
723 745 884 816 Catullus
899 736 1048 818 mirifice
1065 745 1279 820 delectatur.
1315 751 1445 846 Neque

339 862 565 934 Terentiano
598 861 755 949 Mauro,
797 863 940 932 vetusto
975 865 1086 956 atque
1120 869 1313 937 emunctae
1344 866 1446 936 naris

340 973 612 1062 Grammatico,
629 996 832 1073 repugnare
846 971 984 1059 ausim,
1000 973 1062 1070 qui
1076 977 1251 1062 testatur,
1266 977 1446 1048 Catullum

340 1085 463 1186 plures
477 1109 600 1158 versus
614 1109 657 1158 eo
671 1085 836 1184 Priapeio
851 1087 922 1158 sive
935 1085 1180 1185 Anlispastico
1194 1089 1300 1161 metri
1313 1113 1447 1188 genere

341 1198 598 1296 composuisse.
635 1199 797 1271 Decessit
813 1205 924 1299 poeta
941 1205 1065 1272 noster
1081 1223 1196 1272 annos
1214 1200 1357 1298 aliquot
1374 1226 1442 1272 na-

339 1320 401 1387 tus
418 1313 516 1386 ultra
534 1313 803 1414 quadraginta,
825 1319 869 1386 ut
885 1312 1056 1386 adversus
1070 1315 1217 1388 Eusebii
1234 1315 1445 1390 Chronicon

339 1426 490 1500 ostendo
507 1427 646 1500 adeius
663 1452 777 1500 carm.
793 1428 871 1500 LII.
889 1431 927 1498 et
942 1425 1038 1498 Clll.
1056 1427 1073 1523 (
1096 1426 1126 1522 ).

338 1693 389 1752 rin
422 1687 539 1749 Catullo
571 1687 677 1748 tribuit
718 1690 861 1770 Eglr'rues,
912 1687 1101 1770 superstitem
1150 1689 1239 1750 luisse
1286 1691 1444 1749 contendit

338 1791 430 1853 quem
459 1768 566 1828 Catulli
587 1789 648 1829 non
669 1789 738 1829 raro
757 1770 862 1830 imita-
912 1771 970 1831 los.
990 1767 1126 1848 Scaliger
1149 1770 1187 1830 ad
1210 1769 1332 1830 Eusebii
1357 1793 1441 1830 nuru.

339 1860 437 1912 torem
457 1847 545 1910 docet
565 1848 758 1912 Leoubardus
777 1851 864 1912 Friso
911 1849 1146 1912 Mucccctx.
1188 1850 1366 1912 assentiente
1402 1853 1441 1911 ls.

339 1931 419 1993 libro
438 1929 526 1990 tertio
540 1928 577 1990 de
591 1939 735 2012 poemate.
758 1934 863 2014 Neque
910 1931 1084 1992 casaubono
1110 1931 1149 1992 ad
1167 1931 1304 1993 Suetonii
1329 1933 1442 1993 Caesa-

338 2015 439 2078 verius
468 2010 517 2072 alii
544 2031 666 2073 carnaea
695 2012 735 2072 de
763 2016 858 2086 Vere,
910 2032 976 2073 rem
1002 2035 1028 2073 c.
1051 2013 1088 2093 73
1113 2022 1143 2073 et
1167 2013 1275 2073 Frane.
1296 2013 1441 2096 Car-pen-

338 2094 399 2155 sive
433 2095 624 2173 Pervigilium
667 2095 790 2154 Veneris
824 2094 862 2154 ad
910 2094 1003 2154 torius
1017 2094 1048 2152 in
1062 2094 1302 2176 Carpeutarianis
1323 2115 1350 2176 p.
1370 2096 1440 2168 432.

337 2175 488 2236 Catullum
508 2185 659 2235 auctorem
679 2175 862 2249 retulerunt,
909 2195 990 2258 seqq.
1013 2174 1051 2234 ita
1072 2185 1105 2234 ut
1133 2196 1189 2258 per
1220 2175 1377 2234 Valeriam
1406 2177 1441 2238 io

338 2277 468 2340 quorum
481 2255 655 2316 seutentiam
669 2256 802 2317 contum
812 2255 863 2316 Li·
911 2254 1043 2338 Epistola
1052 2257 1206 2318 Ciceronis
1215 2255 1253 2316 ad
1259 2255 1438 2320 Trebatium

338 2337 419 2422 psius
442 2337 519 2397 libro
546 2337 561 2396 l
586 2337 758 2398 Electorum
784 2357 810 2396 c.
830 2339 861 2397 V
911 2339 987 2412 vlt,
1019 2360 1062 2397 rr.
1082 2335 1213 2398 Catullus
1232 2337 1324 2419 possit
1343 2337 1439 2397 intel-

338 2417 530 2484 (ExFabne.
545 2417 683 2480 biblioth.
697 2419 762 2477 Lat.
772 2419 860 2479 Tom.
909 2417 932 2479 li
953 2419 971 2477 i.
1001 2417 1091 2490 (edit.
1121 2420 1240 2500 bipont.
1270 2440 1300 2501 p.
1331 2417 1434 2490 xlv)

340 2499 373 2575 Ι,
393 2520 420 2559 c.
442 2499 499 2570 5.).
909 2439 951 2560 ci
971 2519 1025 2558 nos
1038 2500 1069 2559 in
1088 2505 1264 2582 argumento
1285 2497 1438 2562 adeum.

378 2586 423 2656 (r)
443 2578 591 2642 Catullum
610 2579 860 2666 quoqueGaessri
909 2580 1057 2643 xxxtv.
