3000 5108
297 309 386 416 174
621 324 658 382 o.
680 275 860 382 vnnunn'
884 319 1064 380 esrum

287 529 415 604 Tertia
430 527 507 600 sola
523 532 591 600 tun
606 531 679 600 cst:
698 523 774 599 noli
791 548 954 626 pugnare
973 522 1138 618 duobus,

288 642 361 732 Qui
377 663 508 741 genero
526 666 594 712 sun
609 640 691 713 iura
709 639 920 718 simulcum
939 637 1022 710 dote
1041 637 1229 712 dederunt.
1344 640 1370 712 6
1377 641 1395 713 5

288 755 434 850 Hymen
451 777 473 824 ο
490 753 720 849 Hymenaee,
737 752 883 848 Hymen
901 750 986 822 ades
1011 775 1033 821 o
1052 749 1277 846 Hymenaee.

283 974 286 983 ¹
333 949 374 1008 V.
397 949 446 1022 64.
471 949 660 1009 Tertiasola
679 961 814 1019 tuaest,
856 949 935 1007 liano
952 947 1205 1028 tibi,primusab
1224 946 1298 1006 illa:
1334 947 1398 1006 Sed

290 1029 625 1092 contraOvid.Heroid.
636 1029 817 1111 XX,v.157.
855 1031 985 1110 propior
998 1043 1084 1102 certe,
1101 1042 1307 1112 quampater,
1324 1031 1398 1112 ipsa

291 1114 379 1176 liaeo
409 1113 485 1176 milii
518 1133 549 1172 te
576 1113 703 1194 pepigit:
730 1123 820 1196 pater
860 1111 981 1182 sibiest,
1020 1176 1024 1184 ,
1106 1167 1112 1176 .

627 1512 873 1586 CARMEN
928 1512 1059 1586 LXIII.

769 1735 819 1789 DE
836 1733 921 1789 nst.

293 1941 354 2014 Ore
371 1939 527 2026 profundo
541 1944 601 2003 ruit
618 1948 726 2024 poita,
748 1953 776 2002 et
790 1942 993 2002 miserrimam
1007 1942 1123 2002 Attinis
1141 1953 1249 2004 sortem
1264 1945 1397 2002 numeris

335 2033 479 2096 decantat
498 2036 749 2099 concitatioribus.
764 2069 784 2080 -
805 2038 885 2113 Atys
906 2036 950 2096 vel
964 2036 1069 2108 Attin,
1085 2057 1159 2094 nare
1169 2057 1227 2116 per
1239 2055 1326 2094 mare
1337 2034 1400 2093 ad-

339 2147 444 2204 vectus,
461 2135 560 2192 statim
575 2153 642 2191 cum
656 2130 811 2190 comitibm
821 2131 919 2212 pergit
928 2129 972 2189 ad
985 2151 1087 2188 nemus
1099 2129 1261 2210 Phrygium
1272 2130 1400 2207 Cybelae

239 2215 245 2222 ⁵
311 2245 313 2252 ·
335 2249 465 2296 sacrum,
482 2227 531 2284 ubi
541 2225 765 2308 insanosurora
777 2237 939 2304 correptus,
951 2237 1088 2308 amputat
1098 2225 1153 2282 sibi
1161 2226 1270 2283 uin'lia.
1290 2223 1398 2304 (bubus

309 2337 314 2349 ·
337 2343 404 2382 cum
421 2321 473 2380 ille
487 2344 517 2380 se
528 2322 680 2402 privatum
694 2332 721 2378 et
733 2319 878 2398 sanguine
895 2339 947 2378 sao
965 2333 1077 2394 terram
1097 2319 1281 2382 maculatam
1301 2321 1395 2393 videt,

322 2413 514 2498 furibundus
527 2413 636 2495 arripit
649 2413 845 2471 instrumenta
855 2415 970 2472 musica
983 2415 1016 2471 in
1029 2416 1124 2476 sacris
1137 2413 1268 2492 Cybeles,
1284 2415 1324 2473 ab
1337 2417 1397 2474 eius

334 2505 495 2568 cultoribus
497 2506 611 2589 surore
621 2505 745 2587 percitis
758 2507 885 2564 tractari
897 2505 1003 2578 solita,
1025 2519 1054 2566 et
1067 2508 1205 2579 comites,
1228 2505 1273 2566 ad
1287 2528 1397 2567 esrem-

331 2599 420 2682 plum
444 2597 531 2662 ducis
555 2601 618 2660 iam
638 2601 780 2668 eviratos,
808 2612 955 2671 montem,
977 2599 1032 2681 qui
1049 2621 1203 2660 sacrorum
1225 2599 1356 2660 tumultu
1373 2612 1400 2659 et

335 2713 429 2752 rauco
449 2695 630 2758 musicorum
649 2695 912 2758 instrumentorum
931 2693 1074 2774 clangore
1091 2693 1204 2766 reboit,
1227 2714 1288 2752 una
1302 2715 1401 2752 secum

336 2787 426 2850 adire
444 2801 472 2846 et
491 2791 573 2867 uagis
593 2787 743 2852 erroribus
762 2787 897 2846 animum
911 2787 1089 2848 exhilarare
1101 2789 1189 2848 iubet.
1204 2821 1225 2836 -
1239 2791 1301 2848 His
1314 2792 1401 2848 iussis
1485 2821 1486 2840 ι

339 2867 480 2942 exoritur
493 2879 639 2950 ululatus,
661 2894 809 2962 tympana
822 2894 849 2939 et
861 2881 1002 2958 cymbala
1015 2884 1198 2963 remugiunt,
1214 2881 1259 2942 acl
1272 2895 1403 2942 montem

340 2974 400 3032 ruit
420 2973 544 3043 chorus,
567 2971 637 3032 dux
657 2975 738 3050 Atys
754 2973 870 3054 praeit,
893 2975 983 3033 etsie
1003 2973 1121 3034 tamdiu
1135 2975 1294 3057 lymphata
1307 2989 1404 3034 mente

338 3070 372 3126 in
393 3078 492 3126 monte
511 3065 745 3138 tumultuantur,
775 3065 940 3146 usquedum
960 3065 1004 3126 ad
1023 3067 1130 3126 aedem
1157 3067 1279 3146 Cybeles
1303 3089 1403 3149 peme-

309 3181 313 3188 ·
341 3161 444 3231 niunt,
467 3159 517 3218 ubi
536 3159 682 3240 languore
702 3160 771 3218 victi
789 3159 989 3220 obdormiunt.
1028 3163 1119 3238 Atys,
1141 3159 1194 3218 sub
1210 3161 1315 3240 primo
1335 3161 1403 3218 solis

339 3267 408 3314 ortu
428 3254 547 3320 excitus
571 3251 658 3312 molli
682 3273 804 3324 somno,
833 3273 892 3335 quo
912 3251 1030 3316 domita
1039 3254 1150 3336 suerat
1170 3273 1279 3312 vesana
1299 3253 1405 3312 metuis

339 3348 452 3420 rabies,
477 3343 571 3406 adse
591 3345 691 3416 redire
710 3347 937 3428 incipit,sacta
958 3365 1012 3418 sua
1031 3348 1134 3406 animo
1155 3347 1278 3420 recolit,
1301 3347 1403 3428 quibus

340 3467 419 3505 nunc
439 3443 598 3504 derelictus
616 3443 670 3514 sit,
692 3443 796 3512 sentit,
817 3441 862 3508 ad
874 3461 958 3502 mare
970 3443 1112 3512 recurrit,
1135 3441 1294 3516 lacrimat,
1318 3457 1346 3502 et
1359 3441 1400 3500 acl

336 3540 473 3622 patriam
493 3555 646 3596 conversus
662 3535 756 3616 plena
775 3535 900 3616 allectus
918 3537 1070 3606 oratione,
1079 3533 1313 3617 felicissimam,
1345 3557 1402 3617 qun

306 3677 311 3686 .
339 3632 414 3692 olim
434 3633 466 3690 in
484 3631 590 3711 patria
608 3649 677 3687 usus
696 3630 750 3700 sit,
772 3627 975 3688 conditionem
994 3649 1061 3688 cum
1079 3629 1231 3708 praesenti
1249 3639 1332 3685 sorte
1346 3629 1405 3684 mi-

339 3729 467 3786 serrima
486 3735 654 3806 comparat.
695 3723 780 3783 Dum
800 3725 893 3804 igitur
909 3724 965 3782 lias
978 3726 1075 3781 tristes
1088 3723 1225 3804 querelas
1227 3723 1358 3806 fundit,
1379 3737 1405 3780 et

339 3821 403 3877 iam
423 3821 486 3876 iarn
495 3818 582 3899 sacti
600 3819 646 3876 sui
666 3816 753 3876 illum
769 3819 914 3897 poenitet,
941 3817 1049 3892 Cybele
1068 3817 1196 3889 sobitum
1211 3815 1250 3876 de
1263 3817 1335 3894 iugo
1350 3816 1406 3873 leo-

341 3937 424 3986 nem,
458 3915 512 3995 qui
535 3916 637 3995 quovis
663 3913 787 3984 terroris
810 3913 971 3976 ‚excitandi
994 3912 1085 3973 modo
1110 3915 1242 3975 inversam
1268 3913 1311 3973 de
1324 3913 1406 4003 suga

341 4014 522 4091 cogitantem
532 4007 679 4091 percellat
691 4009 778 4070 etad
797 4007 927 4070 reditum
946 4009 1124 4090 compellat,
1147 4010 1298 4081 immittit,
1320 4031 1406 4092 quem

342 4128 411 4166 cum
424 4108 569 4188 impetum
582 4105 615 4164 in
628 4105 829 4186 refacientem
850 4103 930 4164 videt
948 4108 1045 4183 Atys,
1067 4105 1112 4166 ad
1132 4127 1258 4167 nemora
1278 4107 1405 4186 refugit,

341 4197 393 4258 ubi
411 4218 499 4257 omne
517 4195 666 4278 aliquam
687 4200 763 4256 vitae
783 4199 913 4279 spatium
933 4202 1040 4275 eas'git'.
1058 4231 1079 4243 ·
1102 4231 1122 4244 -
1156 4200 1213 4259 Est
1232 4193 1332 4257 nutem
1352 4201 1408 4256 boc

342 4311 480 4365 carmen,
500 4294 560 4352 sivo
571 4290 690 4362 altioris
703 4295 841 4374 spiritus,
864 4313 923 4372 quo
935 4295 1079 4374 scriptum
1093 4305 1154 4370 est,
1174 4294 1407 4369 sublimitatem,
