2992 5116
390 349 563 411 canunu
599 352 714 411 cxvi.
1058 314 1150 444 267

42 557 185 628 Vester
199 575 316 650 onyx,
334 557 436 624 casto
455 553 576 652 petitis
596 577 690 650 quae
706 551 787 624 iura
806 547 930 622 cubili.

100 668 177 741 Sed
195 691 288 764 quae
305 691 342 738 se
359 667 504 766 impuro
522 666 618 738 dedit
636 666 838 749 adulterio,

42 781 177 869 lilius,
196 782 260 853 ab!
279 779 379 852 mala
398 781 493 852 dona
512 780 599 854 levis
618 780 723 852 bibat
738 779 846 850 inrita
864 775 1004 876 pulvis:
1109 771 1157 845 85

99 901 273 995 Namque
291 923 357 1000 ego
376 899 423 970 ab
441 895 594 998 indignis
611 897 774 998 praemia
792 893 893 966 nulla
915 897 1014 990 peto.

42 1010 110 1081 Sic
130 1010 269 1109 magis,
286 1035 309 1081 o
327 1017 483 1110 nuptae,
501 1035 645 1111 semper
659 1007 853 1084 concordia
870 1009 1009 1077 vestras

104 1125 261 1224 Semper
278 1148 384 1198 amor
400 1125 500 1198 sedes
516 1125 654 1200 incolat
672 1123 847 1198 assiduus.

43 1242 111 1312 Tu
130 1265 238 1330 vero,
256 1243 400 1343 regina,
417 1249 525 1314 tuens
544 1267 658 1340 quum
676 1242 793 1313 sidera
808 1239 943 1310 Divam

104 1357 277 1430 Placabis
292 1359 390 1430 festis
406 1357 605 1430 luminibus
624 1359 800 1430 Venerem
1111 1377 1160 1450 90

46 1473 249 1573 Sanguinis
266 1479 471 1572 expertem,
489 1497 562 1544 non
580 1471 672 1544 votis
690 1495 766 1542 esse
783 1475 888 1542 tuam
904 1491 989 1554 me,

49 1729 184 1781 nudantes
206 1733 300 1781 reiecto
319 1741 387 1780 veste
407 1728 535 1796 pupillos,
557 1728 630 1796 Quae
653 1727 744 1798 (qnod
760 1735 844 1780 mutat
860 1725 972 1796 Scaliger
988 1726 1017 1778 in
1039 1735 1106 1793 qucj
1129 1729 1161 1776 nt

50 1809 89 1858 sit
110 1825 160 1878 pro
177 1813 226 1872 ut)
249 1809 353 1860 iuaamla
374 1809 438 1859 milei
453 1825 558 1859 munera
575 1809 634 1858 libet
650 1825 736 1872 onyx:
760 1807 834 1876 iungi
851 1815 939 1858 aarum
962 1803 1060 1858 debent
1081 1801 1161 1854 verbs

50 1890 105 1940 sic:
131 1905 196 1939 nunc
218 1905 273 1946 vos,
290 1905 415 1956 corporo,
439 1905 504 1955 quae
522 1887 599 1938 taeda
615 1892 698 1939 iunxit
720 1887 814 1939 lumine
837 1899 926 1956 optato
944 1887 1084 1954 coniugibus
1108 1901 1161 1936 nou

49 1983 115 2038 post
137 1973 279 2030 nummu,
300 1969 423 2020 nudantes
441 1967 555 2036 papillas
574 1971 668 2019 reiecto
685 1979 771 2028 veste,
795 1969 889 2019 tradito
910 1965 975 2018 mibi
995 1985 1102 2018 munero
1119 1971 1161 2016 iu-

51 2048 156 2105 cundo.
185 2065 250 2114 quae
266 2064 338 2112 our:
353 2047 416 2097 mihi
433 2047 510 2108 lidan
535 2045 584 2098 boc
600 2064 692 2098 sensu:
721 2063 792 2098 nunc
811 2044 925 2116 puellae.
950 2063 1015 2116 quae
1032 2045 1160 2113 nupsistis

52 2127 161 2178 maritis
185 2123 254 2176 baud
276 2125 302 2176 in
324 2124 459 2177 concordia
482 2125 676 2193 pennensem,
698 2143 757 2178 cum
778 2125 807 2176 in
824 2143 854 2176 eo
871 2123 951 2184 estis,
973 2131 1003 2173 ut
1023 2139 1083 2174 eum
1105 2120 1160 2173 iliis

53 2202 249 2264 concumbens,
262 2201 354 2255 tradite
365 2202 432 2254 mibi
443 2221 563 2264 munem,
579 2221 674 2274 nempe
687 2211 818 2272 unguenta
835 2219 867 2256 ex
884 2219 967 2270 onyce
982 2201 1160 2270 depromta·-

54 2281 148 2332 Sccuti
165 2287 254 2331 sutem
271 2289 334 2332 aunt
350 2280 506 2348 Scaliger-una
524 2281 635 2334 editores
651 2282 773 2352 deinceps
791 2281 844 2334 sere
860 2299 959 2332 omnes.
1029 2278 1160 2348 Equidem

53 2379 118 2414 vcro
140 2361 221 2412 lanios
244 2359 293 2412 loci
316 2361 531 2431 interpretatione
553 2361 593 2414 nil
610 2361 665 2414 ridi
688 2361 804 2432 ineptius
825 2372 853 2414 et
868 2358 1022 2413 absurdius:
1057 2358 1159 2410 Puella·

53 2441 144 2509 primo
161 2440 251 2491 statim
268 2456 326 2490 cnm
346 2439 420 2491 noris
437 2442 537 2493 maritis
553 2440 695 2494 concubitu
713 2437 865 2492 muneribus
882 2437 982 2508 placare
1000 2436 1097 2490 debent
1119 2438 1159 2488 lu·

53 2527 141 2570 turam
158 2535 249 2570 eoram
267 2515 417 2588 perfidiam!
428 2518 452 2571 l!
470 2517 509 2570 De
526 2529 613 2572 nostro
631 2519 742 2574 lectione
759 2539 784 2570 v.
802 2529 858 2572 not.
891 2519 923 2572 V.
942 2518 982 2570 83.
999 2519 1081 2572 colitis
1092 2539 1158 2588 φωρ

54 2606 112 2651 tura
130 2601 191 2654 Ald.
210 2598 312 2669 Gryph.
330 2597 423 2652 bluret.
490 2599 529 2650 Ex
546 2605 686 2668 quaeritis.
702 2601 771 2672 quod
790 2603 817 2652 in
835 2601 910 2653 libris
927 2601 1003 2655 MSS.
1023 2603 1157 2656 invenerat

55 2677 173 2730 Achilles
185 2678 300 2742 Statius,
314 2677 376 2729 fecit
388 2677 433 2728 ille
445 2683 568 2746 quantu,
585 2689 611 2730 et
622 2678 730 2732 Vossius
742 2685 860 2748 quamn
878 2679 961 2732 maie!
978 2685 1062 2748 petitis
1074 2691 1157 2734 exstat

56 2757 83 2806 in
104 2755 168 2806 edit.
186 2753 307 2806 Parthen.
324 2755 480 2808 defendente
497 2757 634 2826 scaligero.
699 2759 730 2810 V.
748 2763 788 2811 85.
806 2760 837 2809 ab
854 2757 927 2810 deest
943 2761 971 2810 iu
989 2759 1155 2828 qiaibusclam.

56 2838 133 2888 Illius
157 2854 223 2886 aum
247 2836 309 2886 levia
330 2835 422 2887 Venet.
446 2835 547 2905 Gryph.
609 2837 641 2888 V.
666 2839 706 2888 86.
731 2837 854 2906 Namque
873 2839 1011 2906 indignatis
1038 2839 1156 2892 Vossius·

56 2917 87 2968 V.
112 2923 152 2980 87.
177 2915 230 2968 Sed
248 2919 330 2985 mgis
351 2933 440 2984 parum
460 2915 596 2970 commodo
619 2917 647 2968 in
669 2917 735 2970 aliis.
770 2917 802 2973 V.
824 2937 865 2988 9¹·
885 2919 918 2972 ln
933 2920 1010 2972 libris
1034 2921 1111 2974 MSS.
1129 2929 1156 2976 et

54 3129 147 3186 Nauae
170 3147 235 3197 vos,
262 3138 365 3208 optato
384 3144 459 3205 quas
482 3125 584 3184 iunxit
611 3122 687 3185 ¹lum
723 3125 955 3204 unguentarium
989 3145 1026 3186 ex
1058 3147 1156 3209 onyce

54 3211 170 3268 trauains
188 3205 300 3278 tauta,
322 3207 410 3264 Nwac
427 3219 496 3285 post
516 3202 585 3275 (rel
625 3206 686 3266 sive
707 3205 880 3267 alabastrite.
1073 3267 1077 3274 ,

54 3297 130 3360 ros)
145 3289 296 3348 unaru'mis
310 3307 439 3366 corpora
453 3289 585 3366 conirtgi-
666 3289 706 3346 V.
721 3287 769 3350 83.
787 3302 868 3348 costo
880 3289 980 3370 petitis
992 3310 1069 3369 quoe
1082 3291 1152 3348 iura

54 3373 110 3430 bus
138 3367 282 3439 Tradite,
307 3367 454 3426 nudantes
477 3369 584 3426 reiecto
625 3369 724 3428 cubili.
770 3388 804 3427 er
827 3369 891 3428 iura
912 3377 992 3428 casto
1016 3369 1156 3448 coniugio

41 3448 288 3588 Qflpflplllffl,
306 3448 354 3508 Sic
364 3448 497 3507 iucunda
508 3451 583 3507 mita·
622 3389 769 3530 explendi
792 3448 924 3530 intellige
945 3448 1054 3525 Iidem,
1078 3471 1155 3508 una-

55 3555 87 3592 m
101 3553 184 3590 encra
200 3531 267 3589 lites
281 3551 386 3608 onyx:
407 3531 496 3588 Nunc
513 3543 581 3610 post
622 3531 789 3590 nimitatenr
802 3540 859 3590 etc.

55 3611 197 3672 dorninae
219 3630 299 3670 meae
318 3609 457 3692 exemplo
475 3611 505 3668 in
523 3631 583 3690 po·
661 3613 701 3670 V.
720 3613 766 3688 80.
786 3609 1003 3680 incasualem,
1027 3609 1148 3670 sublatis

54 3704 185 3752 aterum:
199 3691 246 3756 uel
259 3692 347 3772 iunge
353 3705 422 3773 post
432 3693 583 3752 senoru'mis
622 3691 653 3749 in
669 3689 786 3752 coelum
800 3689 911 3761 oeulis3
927 3699 1022 3771 gestus
1039 3692 1152 3751 arden·-

57 3776 90 3834 in
112 3773 303 3832 unanimitate
316 3783 435 3852 postero
448 3781 585 3853 tempore
624 3781 672 3832 ter
685 3772 882 3852 precantium.

55 3853 586 3939 pennansuris.Cninitnisaudacter
665 3853 705 3912 V.
729 3872 777 3928 9¹·
801 3852 962 3929 Sanguinis
986 3867 1151 3934 expertem.

57 3961 75 3996 a
92 3955 138 3996 me
152 3933 315 4016 repositum
328 3933 447 3995 ridetur
459 3935 508 3994 Sic
528 3955 585 4016 pro
624 3931 849 3992 Veneris‘enim
862 3949 928 3990 arae
942 3931 1016 3990 nibil
1030 3937 1153 4016 sangui-

58 4019 156 4098 Quom
177 4014 206 4073 in
226 4038 252 4074 v.
273 4017 329 4088 82,
348 4015 395 4074 ille
415 4023 513 4074 servet
526 4035 584 4072 an-
624 4013 672 4072 nis
681 4011 904 4071 offundebatur:
916 4011 953 4070 de-
963 4034 1012 4072 ara
1025 4017 1152 4080 Veneris

55 4101 168 4177 tiquam
190 4095 351 4154 lectionem
376 4096 469 4176 Quae.
523 4093 585 4153 Scd
624 4093 753 4174 Paphiae
767 4093 864 4153 Tacit.
880 4093 954 4152 nist.
970 4095 1013 4167 ΙΙ,
1036 4097 1064 4156 3.
1077 4123 1154 4162 san.

55 4177 153 4240 nualto
171 4175 269 4255 aptior
287 4187 330 4235 est
347 4175 493 4255 porticula
513 4175 580 4246 sic,
621 4178 742 4254 gasinem
760 4197 834 4234 arae
851 4175 1007 4255 offiaudere
1024 4183 1152 4244 uetitum.

55 4261 109 4338 (b.
124 4277 148 4316 e.
165 4256 218 4316 bac
233 4255 423 4328 conditione)
439 4257 487 4315 cui
502 4277 586 4334 egre-
624 4256 663 4314 ci'.
685 4255 843 4316 Cerdonus
859 4243 900 4317 ad
919 4257 1005 4342 Virg.
1024 4263 1097 4324 Aen.
1120 4268 1152 4341 Ι,

54 4342 105 4424 gia
117 4337 278 4420 respondet
288 4361 316 4402 r.
327 4339 376 4420 87.
385 4359 472 4418 onyx
484 4357 584 4402 vassu
625 4339 695 4419 407.
710 4369 731 4384 -
744 4361 805 4401 non
818 4343 892 4402 votis
908 4363 969 4404 case
985 4359 1069 4412 tuam
1083 4373 1151 4423 me,
