3036 5114
342 336 431 394 ΜΠ
675 336 712 396 C.
735 333 903 394 Vllblillll
926 335 1105 395 curvum

341 538 526 622 vinctum,
556 536 646 608 haec
676 531 721 608 de
751 536 887 608 Catullo
916 537 1169 610 monumentis
1189 537 1444 613 mandavisse:

344 653 482 729 Catullo
503 651 600 725 docti
624 676 748 725 nomen
772 677 882 750 quare
905 657 953 725 sit
972 653 1016 726 ob
1036 657 1192 750 antiquis
1211 655 1447 746 attributum,

340 797 453 868 neque
475 769 573 868 opud
594 769 685 840 alios
705 767 873 866 comperi,
899 769 1110 866 nequedum
1127 775 1166 843 in
1183 785 1332 846 mentem
1352 781 1448 847 venit

313 885 435 957 »milri
445 915 459 968 ‚·
489 883 583 956 nibil
610 887 703 956 enim
730 909 800 955 non
826 885 974 985 vulgare
1001 900 1055 960 est
1082 889 1221 958 iricius
1245 887 1346 960 libris
1373 886 1391 980 (
1417 888 1447 981 ).

342 1001 579 1098 Quamquam
604 1002 731 1098 postea
756 1003 907 1072 mutato
927 999 1101 1090 consilio,
1128 999 1191 1097 qui
1208 1023 1293 1076 mos,
1304 1003 1362 1071 est
1379 1001 1446 1071 lio-

340 1114 456 1202 mini,
485 1111 665 1197 rainatas
686 1136 817 1186 canere
852 1121 1029 1216 cogatur,
1064 1115 1335 1188 Galliambicum
1369 1116 1449 1188 eius

341 1255 490 1304 carmen
507 1231 664 1301 divinum
683 1233 905 1317 autumans,
932 1236 970 1302 et
987 1236 1120 1330 potima
1136 1231 1180 1305 de
1196 1229 1335 1332 nuptiis
1349 1232 1446 1304 Pelei

340 1373 386 1420 ac
411 1347 610 1437 TlretidoS,
634 1371 762 1418 verum
789 1346 930 1418 aditum
955 1352 993 1419 et
1017 1347 1169 1448 gradum
1198 1348 1245 1420 ad
1266 1347 1447 1420 Aeneidos

339 1465 566 1540 divinitatem
590 1487 666 1537 esse
691 1462 942 1564 pronuntians.
997 1464 1126 1536 Nonne
1149 1463 1376 1563 probabilius
1400 1464 1447 1536 de

338 1586 451 1678 nugis
468 1585 600 1680 potitae
617 1577 730 1650 nostri
748 1574 938 1649 Cornelius
954 1577 1095 1675 Nepos,
1112 1577 1167 1649 vir
1183 1579 1445 1678 gravissimus,

339 1687 515 1767 iudicium
532 1689 687 1778 tulerat,
706 1713 791 1761 cum
807 1713 868 1762 eas
882 1713 958 1762 esse
968 1690 1106 1789 olipru'd
1117 1690 1297 1789 putabat?
1312 1691 1445 1762 Nonne

339 1805 554 1906 benignius,
584 1807 620 1874 et
636 1803 766 1875 iustius
782 1826 868 1875 cum
884 1803 962 1903 ipso
980 1827 1084 1906 egere
1101 1805 1295 1902 Pompeius
1312 1803 1444 1874 Satur-

337 1921 445 2008 nius,
469 1945 514 1992 ac
536 1918 681 1991 Sentius
704 1915 933 2018 Augurinus,
964 1943 1122 2018 quorum
1147 1923 1325 2016 uterrpre,
1350 1923 1445 1990 teste

338 2031 458 2106 Plinio
475 2031 511 2102 in
530 2029 689 2130 epistolis
709 2030 786 2124 (2),
801 2030 1000 2104 Catulliani
1018 2031 1188 2106 carminis
1201 2031 1444 2104 imitationem

340 2143 408 2215 'sibi
429 2142 564 2244 gloriae
585 2142 660 2214 fore
682 2143 970 2242 augurabantur.
1012 2145 1081 2218 Sed
1102 2147 1193 2218 haec
1209 2143 1314 2216 alias:
1341 2168 1443 2214 nunc

337 2257 396 2347 id,
412 2256 510 2354 quod
529 2257 736 2358 coepimus,
756 2283 919 2358 agamus.
958 2259 1225 2349 Quinctilianus
1241 2263 1279 2330 et
1295 2257 1443 2328 Diome-

339 2369 401 2452 des
422 2371 517 2442 inter
538 2375 667 2469 postas
691 2372 871 2444 lambicos
895 2374 1075 2444 Cuballum
1100 2374 1294 2472 reponunt
1343 2368 1443 2440 Ante

337 2481 535 2553 Horatium
557 2482 720 2579 prolecto
740 2485 906 2558 iambicis
927 2485 1090 2558 versibus
1108 2485 1264 2584 gloriam
1279 2483 1444 2554 Catullus

338 2595 492 2696 adeptus
518 2596 658 2684 iuerat,
683 2604 726 2670 ut
749 2598 841 2674 falso
868 2601 1050 2701 scripserit
1072 2600 1246 2672 Horatius
1268 2600 1370 2698 epist.
1400 2627 1444 2698 ¹9

308 2713 399 2806 ,lib
431 2740 460 2784 1.
479 2755 511 2766 -
527 2705 560 2766 ⁸·-
577 2715 707 2787 Pon'os
734 2741 800 2814 ego
823 2721 962 2812 primus
986 2717 1120 2790 iambos
1169 2717 1314 2790 Ostendi
1339 2717 1444 2789 Latio

289 2817 300 2834 ’
337 2869 370 2880 -
387 2869 420 2882 -
436 2828 681 2925 Hieronymus
697 2831 837 2926 Lyricis
855 2829 1089 2903 adnumerat:
1107 2831 1237 2928 reliqui
1251 2819 1444 2932 Epigram-

337 2941 598 3042 matographis.
625 2943 702 3042 Ego
718 2967 824 3032 vero,
841 2943 995 3016 simodo
1013 2945 1067 3016 fas
1084 2949 1140 3016 est
1155 2969 1276 3016 meam
1295 2951 1440 3017 senten-

337 3053 428 3124 tiam
444 3053 609 3151 aperire,
635 3055 742 3128 variis
758 3057 880 3156 potius
898 3057 1150 3158 adiungerem;
1175 3082 1263 3129 nam
1283 3063 1382 3130 certe
1401 3059 1440 3128 in

336 3169 414 3239 eius
439 3169 619 3265 poematis
643 3171 820 3244 nonnulla
847 3171 1027 3246 excedunt
1050 3175 1334 3274 Epigrammatis
1358 3199 1441 3245 mo-

338 3281 436 3354 dum.
486 3282 696 3383 Ambigitur
712 3285 789 3357 iure
807 3310 829 3357 a
847 3283 1050 3376 nonnullis,
1069 3295 1195 3362 utmm
1212 3291 1303 3369 baec
1320 3287 1445 3364 solum

337 3393 524 3492 paucula,
551 3419 648 3492 quae
663 3397 767 3471 hodie
784 3404 954 3489 exstant,
981 3401 1028 3472 ab
1046 3399 1110 3472 illo
1126 3402 1262 3502 scripta
1280 3402 1440 3490 brerinl,

337 3533 386 3582 an
403 3535 488 3584 vero
506 3508 613 3612 longe
629 3512 755 3611 plura,
774 3539 869 3613 quae
885 3521 1047 3589 vetustas
1065 3517 1170 3589 nobis
1185 3518 1352 3591 inviderit
1366 3519 1438 3615 (3).

337 3620 475 3696 Ansam
497 3622 545 3696 ad
567 3623 808 3700 dubitandum
832 3627 896 3702 dat
921 3628 1076 3718 Plinius,
1104 3629 1166 3728 qui
1193 3629 1238 3704 de
1264 3633 1438 3704 lncanta-

380 3997 426 4064 (ι)
439 3989 476 4050 ln
490 3991 867 4073 Hypercritico,seulib.6
892 4019 983 4080 ¹opus
1011 3999 1121 4062 Catulli
1137 3999 1188 4061 ad
1217 4023 1273 4063 nos
1300 4001 1437 4064 boarum

339 4071 488 4152 pottices,
508 4095 534 4132 c.
554 4075 582 4136 6.
906 4081 1088 4162 pervenisse.
1123 4083 1227 4166 Longe
1248 4084 1330 4147 enim
1349 4087 1437 4166 plura

380 4159 425 4243 (a)
444 4152 512 4214 Lib.
537 4175 566 4229 1,
587 4157 670 4238 epist.
695 4157 739 4218 ιθ.
761 4157 812 4220 lib.
835 4164 867 4237 4,
907 4162 1060 4242 scripsisse
1093 4172 1180 4225 testes
1220 4175 1290 4226 sunt
1322 4178 1439 4228 veteres

344 4241 427 4313 epist
452 4255 499 4314 27.
909 4243 1121 4318 Grammatici,
1146 4245 1197 4327 qui
1219 4247 1256 4306 tle
1276 4247 1338 4307 eius
1358 4258 1437 4329 pot·-

378 4313 423 4387 (3)
442 4313 648 4380 Dubitandum
661 4319 789 4392 minima
807 4331 865 4398 est,
905 4324 1002 4386 maliis
1012 4344 1045 4384 ca
1055 4323 1245 4410 producant,
1258 4349 1333 4410 quas
1344 4329 1438 4391 bodie
