2992 5116
488 295 663 358 osunen
699 295 828 358 exui.
1127 291 1217 386 271

176 495 325 578 Falsum
338 505 404 572 est.
429 500 511 574 Non
528 499 629 573 illam
646 500 701 572 vir
716 501 815 600 prior
836 497 1027 598 attigerat,
1174 518 1222 566 20

123 617 347 720 Languidior
364 621 490 690 tenera
508 617 594 715 quoi
610 615 769 715 pendens
785 613 899 688 sicula
916 613 1023 700 beta,

173 733 372 830 Nunquam
388 755 426 804 se
444 729 601 802 mediam
617 728 763 802 sustulit
780 729 827 801 ad
843 727 1025 800 tunicam:

121 847 194 920 Sed
211 853 315 948 pater
330 847 424 919 illius
442 845 520 917 nati
536 843 689 918 violasse
707 843 827 917 cubile

173 961 333 1046 Dicitur,
352 965 389 1030 et
405 959 576 1032 miseram
594 958 857 1030 conscelerasse
875 955 1045 1040 domums

119 1075 202 1148 Sive
220 1073 318 1173 quod
335 1072 448 1174 impia
467 1097 569 1148 mens
587 1097 697 1145 caeco
716 1070 896 1172 flagrabat
914 1091 1067 1155 amore,
1112 1099 1116 1113 ·
1170 1067 1218 1138 25

171 1187 243 1260 Seu
261 1187 358 1285 quod
374 1187 469 1260 iners
486 1183 598 1258 sterili
615 1186 750 1260 semine
767 1188 876 1257 natus
894 1187 984 1256 erat.

116 1297 168 1371 Et
184 1297 432 1396 quaerendum
448 1297 542 1371 unde
560 1299 654 1372 unde
673 1298 766 1372 soret
783 1295 969 1370 nervosius
984 1290 1094 1383 illud,

170 1415 276 1505 Quod
292 1422 413 1516 posset
431 1439 564 1488 zonam
582 1415 720 1489 solvere
739 1413 949 1516 virgineam.

571 1547 766 1600 cstvutvs.

115 1639 312 1741 Egregium
328 1666 455 1714 narras
472 1641 565 1712 mira
583 1641 718 1740 pietate
735 1646 945 1741 parentem,

167 1756 240 1846 Qui
256 1756 330 1855 ipse
350 1757 405 1829 sui
422 1757 524 1857 gnati
540 1755 710 1829 minxerit
724 1756 762 1830 in
778 1757 969 1858 grensium.
1163 1755 1214 1831 30

112 1955 148 2012 V.
166 1975 206 2010 so.
223 1977 330 2027 numque
345 1953 419 2010 illuns
436 1985 469 2000 ·-
483 1961 607 2030 augurat
621 1957 689 2012 sut.
734 1975 787 2008 non
803 1958 850 2026 qut
863 1955 936 2011 utam
952 1959 992 2008 vir
1004 1958 1082 2026 prior·
1098 1959 1214 2026 attigerit

112 2031 238 2104 Vossius,
255 2032 390 2089 secedente
405 2035 511 2107 Vulpis.
528 2049 627 2105 uotique
643 2031 716 2088 illam
727 2041 766 2087 vir·
779 2040 858 2104 prior
873 2039 995 2104 attigeras
1007 2030 1098 2086 (ἔπιεν.
1116 2047 1141 2086 v.
1156 2041 1214 2086 not.

111 2117 147 2166 V.
165 2132 207 2168 ss.
222 2115 323 2168 sustulit
340 2116 406 2168 huuc
423 2121 533 2170 tunicum
551 2117 579 2170 in
597 2115 721 2170 omuibus
742 2115 819 2171 MSS·
836 2115 905 2169 Sus.
922 2111 990 2168 uude
1007 2112 1052 2166 ille
1068 2115 1213 2168 coniectst:

112 2191 253 2262 Nunquam
274 2213 301 2247 ss
322 2195 404 2246 mulin
420 2193 521 2247 sustulit
543 2195 602 2247 lsinu
618 2200 712 2248 suntca.
744 2193 776 2246 V.
795 2193 835 2248 ss
856 2198 935 2263 ipsius
952 2194 980 2244 iu
1002 2191 1145 2244 nonnullis.
1167 2193 1217 2243 ttts

111 2275 154 2322 sus'
175 2279 260 2324 tentet
279 2271 401 2342 Scsliger.
441 2273 472 2325 V.
498 2279 538 2326 25.
559 2287 624 2326 tecto
646 2301 678 2314 -—
703 2288 790 2326 amone
814 2275 844 2324 in
865 2267 1023 2344 quibusdum
1043 2271 1119 2324 MSS.
1142 2271 1213 2323 Sus.

110 2345 144 2404 V.
164 2367 204 2415 27.
222 2353 446 2424 Quaerendumque
461 2374 506 2406 nec
522 2357 586 2406 mule
596 2355 672 2431 som
689 2353 811 2408 Parthen.
828 2355 902 2408 Voss.
920 2353 998 2426 Vulp.
1029 2353 1072 2408 Ne
1087 2370 1212 2422 quaeren-

109 2433 171 2484 dum
182 2434 283 2485 aliunde
286 2435 362 2506 fist-et
379 2435 483 2505 Gryph.
501 2429 627 2488 Muretus.
645 2431 682 2486 Et
698 2435 867 2502 quaerentum
883 2433 949 2486 uude
959 2433 1036 2503 staret
1048 2434 1076 2486 in
1088 2431 1210 2488 omnibns

109 2507 189 2569 MSS·
211 2514 278 2568 stat.
299 2517 345 2586 qni
368 2518 483 2586 primum
499 2513 587 2582 sidit,
606 2515 762 2586 particulam
782 2515 848 2567 unde
868 2511 1051 2586 geminandum
1075 2533 1138 2568 esse.
1172 2515 1211 2567 Et

108 2597 281 2666 quaerentum
296 2597 398 2651 ulusnde
407 2596 485 2668 soret
501 2597 586 2650 editor
601 2591 725 2650 Cuntshr·
744 2596 838 2651 Grssv.
899 2595 932 2649 V.
949 2595 990 2650 30.
1007 2597 1208 2650 innumerum

149 2747 190 2806 V.
201 2767 248 2806 ιο.
257 2747 326 2806 Non
337 2747 433 2806 illam.
461 2745 634 2828 Suspectum
678 2741 779 2826 legum
792 2743 990 2806 humansrum
1003 2745 1134 2822 mtioue,
1154 2743 1208 2806 bu·

106 2827 187 2890 hunc
200 2827 359 2888 lectionem
373 2847 450 2900 esse,
464 2837 587 2909 apparet
596 2845 634 2888 ex
677 2823 756 2905 luite,
770 2847 875 2886 caecus
889 2826 997 2907 egitur.

109 2912 144 2967 V
140 2931 188 2970 nr.
202 2911 284 2970 Lect.
316 2909 462 2991 Equidem
474 2907 634 2991 legendum
720 2907 760 2966 V.
778 2907 827 2968 26.
849 2908 906 2968 Seu
919 2908 1002 2991 quod
1016 2911 1096 2967 iners
1109 2909 1206 2970 sterili

105 2999 199 3072 puto:
227 2993 390 3070 Nusquam
416 2990 521 3062 illum,
552 2989 633 3085 quod
677 2990 788 3048 semine
803 3002 890 3048 uatus
906 3003 987 3060 erut,
1006 2987 1089 3070 quod
1105 2989 1205 3052 simus

107 3071 197 3132 sncile
220 3091 257 3132 es
282 3071 432 3166 corruptis
458 3069 635 3132 lectionibus
677 3086 708 3127 se
721 3078 870 3148 praestare
882 3091 945 3128 nou
958 3079 1082 3149 poteret.

104 3151 175 3214 elici
191 3161 300 3234 potem
319 3162 350 3214 et
364 3173 407 3212 sic
422 3152 517 3212 oratio
534 3152 630 3214 multo
718 3150 757 3209 V.
774 3152 811 3232 ἠ
827 3183 847 3194 -
862 3151 909 3210 28.
930 3151 1054 3210 Sensus:
1075 3150 1114 3210 Et
1126 3149 1203 3212 alius

104 3233 143 3292 tit
159 3233 337 3294 concinnior
353 3243 383 3292 et
399 3231 518 3315 gravior
530 3234 571 3295 ol)
584 3255 631 3294 re·
720 3229 839 3312 ispum,
860 3231 1069 3312 undecumque
1082 3231 1204 3294 undem

102 3313 280 3406 petitionem
298 3314 459 3397 particulae
478 3337 632 3399 nnnqmm
689 3320 771 3384 oret,
792 3311 909 3398 exquiri
929 3311 1071 3385 debebat,
1091 3313 1143 3395 qui
1164 3311 1203 3374 ud

105 3417 140 3456 m
154 3415 241 3456 versu
254 3417 304 3456 ns.
675 3391 862 3474 eripiendum
875 3393 1076 3476 virginitatem
1089 3415 1203 3454 nemo-

145 3504 184 3563 v.
199 3504 631 3586 ussugmtotunnmt-
674 3473 751 3547 ⁸⁵⁰*
774 3475 804 3533 ¹¹·
818 3495 843 3534 ⁰·
857 3476 886 3536 n
901 3475 1028 3537 mmuh
1043 3476 1136 3572 ¹¹3³ssss
1149 3475 1202 3570 ³9*

102 3584 242 3645 ssutisum
255 3607 272 3645 a
285 3585 352 3648 sicu.
376 3587 496 3648 Similes
507 3588 631 3650 locutio·
674 3562 803 3620 ⁸tr¹¹⁰l¹¹⁸
831 3565 913 3618 m·
951 3579 1099 3618 ”ww
1130 3555 1204 3616 h¹⁰⁰

102 3666 629 3764 nes,quibuspumqusvirisumus,

102 3745 271 3828 petulanter
281 3749 475 3830 exprimitur,
492 3772 553 3810 non
565 3773 630 3831 gru-

102 3836 187 3888 vutus
199 3838 257 3902 est,
272 3850 289 3889 e
300 3849 379 3910 penu
387 3851 440 3913 sus
449 3831 629 3914 depromere

100 3907 242 3992 Vulpius.
256 3911 294 3972 cf.
307 3911 379 3972 sue

674 3635 796 3700 Graecis
815 3649 895 3706 stips,
915 3643 945 3694 tsi
963 3645 1045 3694 stuta·
1059 3673 1079 3686 -
1093 3659 1202 3699 zonam

672 3721 783 3780 solvere
795 3721 855 3785 vid.
868 3723 948 3804 quod
959 3721 1143 3784 laudavimus
1152 3742 1202 3781 su·

672 3821 727 3880 prs
742 3801 914 3865 udemen
923 3805 1006 3880 th,
1020 3805 1093 3866 5321
1102 3805 1143 3878 ll,
1155 3804 1201 3866 13.

712 3885 753 3944 V·
768 3885 815 3946 30.
894 3889 1047 3968 'ipseetc
1062 3887 1198 3968 quicum

671 3983 752 4026 nuru
765 3987 847 4026 suus
868 3987 905 4027 eo
918 3967 1124 4034 concubuerit.
1164 3969 1202 4030 Si

97 4017 246 4160 cllum·
257 4020 471 4159 ffimoel‘fffl‘
484 4019 624 4094 dmm»
671 4047 738 4126 quis
756 4067 841 4142 esem
862 4048 975 4143 lurem
987 4049 1148 4110 obscenum
1159 4049 1198 4110 il·

131 4141 142 4164 ·
190 4118 245 4180 l'm
299 4123 356 4162 sm·
371 4103 576 4178 mavul&
669 4069 1197 4204 lustrantisdesiderutmdeats'dhd.

140 4206 183 4272 V.
194 4205 242 4264 25.
257 4229 345 4267 caeco
355 4231 473 4282 amore,
490 4232 551 4292 quo
560 4211 626 4292 quis
670 4211 1033 4292 luterpmteseteonl'erut
1043 4215 1125 4278 Pers.
1135 4211 1198 4274 Sul.

99 4285 140 4347 sd
158 4285 336 4369 explendum
352 4290 526 4370 libidinem,
545 4291 627 4354 nullu
669 4293 735 4368 vt,
750 4293 799 4373 73.
