3036 5114
326 369 329 376 '
415 379 645 441 cvtnsnu
679 376 873 436 curvum.
1041 371 1191 431 xxxue

79 589 253 662 audimus
273 585 352 682 (1),
370 585 413 658 C.
432 585 544 658 lulius
561 582 699 656 Caesar
715 581 770 654 uti
788 579 915 654 solitus
932 563 1055 652 fuerit.
1107 577 1193 648 Nou

79 706 351 804 amplissimam
377 701 524 800 quidem
548 698 744 798 pecuniam
768 695 950 797 possedit,
976 694 1106 792 utpote
1128 690 1194 790 qui

78 818 267 890 sacculum
288 835 393 888 suram
411 839 627 888 aranearum
649 812 792 909 plenum
820 807 876 904 (2)
903 809 1059 908 ingenue
1077 801 1195 875 lateas

80 936 166 1018 tur,
185 929 412 1027 Furiumque
425 933 463 1002 et
476 927 666 1001 Aurelium
680 927 775 997 inter
787 921 967 1022 principes
988 915 1196 990 amicorum

81 1045 356 1118 observaverit:
376 1065 536 1144 quorum
553 1041 740 1114 alteriaco
759 1060 903 1121 servus,
921 1059 1107 1122 accarca,
1132 1057 1197 1104 nec

79 1167 205 1234 cimex
232 1170 308 1232 erat
337 1159 417 1256 (3):
445 1159 602 1232 alterum
628 1159 859 1230 esuritionum
880 1165 1020 1250 patrem
1043 1147 1099 1245 (4)
1120 1148 1198 1249 ipse

81 1274 212 1346 festive
231 1273 405 1372 appellat.
437 1272 606 1370 Cumque
620 1269 773 1343 divitum
786 1269 1042 1341 Romanorum
1057 1261 1198 1334 familia

80 1389 253 1458 maxima
271 1391 377 1476 esset,
398 1388 583 1458 neminem
600 1383 731 1457 habuit
748 1381 919 1468 catattas,
952 1376 1119 1457 Fructum
1137 1377 1202 1472 qui

81 1507 215 1578 veteris
230 1501 353 1596 pedem
368 1503 515 1600 grabati
553 1499 597 1570 Ia
613 1501 702 1572 collo
724 1498 793 1570 sibi
808 1497 977 1570 collocare
989 1506 1108 1593 posset
1126 1493 1197 1586 (5).

81 1614 318 1686 Patrimouio
336 1620 463 1688 tamen
481 1613 688 1688 satistlauto
706 1609 812 1687 fuisse
827 1611 990 1698 videtur,
1018 1605 1117 1706 quod
1134 1606 1200 1678 lio-

82 1729 230 1799 minem
243 1750 286 1798 eo
301 1725 383 1799 loco
397 1734 527 1802 uatum
543 1727 697 1802 deceret⁴
722 1729 816 1800 Nam
830 1731 868 1798 et
881 1725 1046 1809 Romae,
1059 1719 1097 1791 iu
1109 1717 1202 1790 urbe

84 1848 308 1930 sumtuosa,
334 1841 470 1916 diutius
496 1847 747 1916 commoratus
773 1847 847 1930 est,
871 1841 995 1938 ibique
1013 1835 1202 1910 amoribus

84 1979 246 2058 operam
265 1953 384 2043 dedit,
412 1980 456 2028 ac
475 1955 627 2029 landum
647 1955 685 2028 in
703 1979 791 2056 agro
809 1952 1008 2026 Tiburtino
1025 1947 1203 2052 possedit:

83 2072 175 2143 navi
202 2093 272 2141 sua
301 2071 340 2140 iu
367 2072 526 2144 Pontum
552 2071 757 2172 navigavit,
784 2093 829 2142 ac
854 2092 892 2140 se
923 2064 1112 2139 Sirmionis
1139 2063 1203 2136 Ιιει-Ι

83 2212 169 2258 rum
191 2185 250 2280 (6)
273 2175 459 2284 appellare
477 2210 551 2257 non
567 2191 737 2271 veretum
764 2209 859 2282 quae
885 2183 1011 2256 omnia
1036 2180 1202 2282 profecto

85 2303 178 2371 sunt
197 2300 361 2370 hominis
379 2297 590 2398 locupletis,
615 2303 654 2372 et
679 2300 739 2372 cui
765 2297 962 2370 familiares
983 2298 1111 2395 copiae
1130 2317 1208 2364 non

88 2416 226 2487 desint.
281 2414 391 2504 Quod
407 2419 533 2488 tamen
550 2414 661 2524 genio·
673 2412 895 2514 indulgeret,
913 2411 1080 2483 convivia
1098 2432 1207 2508 para·
1347 2501 1354 2508 f

86 2536 168 2616 ret,
196 2529 341 2628 puellas
360 2555 383 2602 a
400 2530 530 2604 lenone
543 2530 735 2602 redimeret
751 2529 828 2626 (7),
841 2527 1021 2601 nobilium
1036 2527 1208 2598 amicitiis

84 2645 263 2732 floreret,
280 2649 476 2744 propterea
489 2647 525 2716 in
541 2639 754 2717 difficultate
768 2645 940 2758 bumaria
953 2645 1097 2744 saepius
1110 2647 1206 2723 erat,
1232 2721 1234 2727 y
1269 2733 1275 2742 ‚

88 2761 280 2857 villasque
298 2783 384 2832 suas
398 2759 541 2860 pignori
559 2757 780 2858 opponebat.
836 2755 943 2832 Hauc
959 2784 1046 2833 vero
1062 2759 1214 2859 potissi·

88 2901 200 2949 mum
222 2899 379 2946 causam
399 2874 510 2946 fuisse
529 2872 764 2960 crediderim,
782 2897 896 2971 quare
914 2899 1001 2946 cum
1025 2874 1208 2946 Iuriscon·
1305 2874 1310 2893 ⁸

88 2993 200 3065 sultis
218 2997 259 3064 et
276 2989 519 3076 Oratoribus,
536 2991 628 3088 puta
647 3009 732 3059 cum
750 2987 915 3089 Alpheno
929 2991 1046 3078 Vara,
1067 2990 1215 3062 Licinio

87 3109 234 3192 Calvo,
254 3105 383 3180 Tullio
402 3104 580 3176 Cicerone
599 3101 742 3174 assidue
759 3109 988 3176 versaretur:
1014 3105 1125 3176 homo
1145 3104 1217 3176 sci-5

87 3221 179 3294 licet
198 3245 288 3294 aere
307 3219 429 3290 alieno
447 3216 666 3302 obstrictus,
695 3219 732 3287 et
758 3214 960 3288 forensibus
978 3211 1137 3317 negotiis
1149 3215 1207 3288 di·

87 3338 252 3405 sleutus.
295 3327 491 3402 Lucellum
508 3330 633 3424 itaque
651 3327 820 3400 alicunde
838 3353 1073 3419 corrasuruS,
1092 3331 1210 3404 blem-

86 3448 212 3518 mium
243 3447 458 3543 praetorem
485 3443 523 3514 in
548 3441 758 3538 Bithyniam
786 3441 897 3550 simul
925 3467 1012 3516 cum
1038 3468 1214 3545 germano

85 3649 345 3722 quantacumque
355 3638 445 3698 etiam
459 3636 569 3698 deiude
580 3637 637 3698 fuit
685 3637 835 3698 iuniorem
850 3625 1034 3700 faciebtium.
1055 3638 1128 3712 (Ex
1146 3635 1217 3696 edit.

87 3723 217 3802 lirgilii
249 3723 348 3794 t'ama,
379 3741 442 3780 uon
474 3718 638 3796 dubitasset
686 3719 808 3800 Bipont.
827 3742 858 3801 p.
879 3721 984 3793 xlv.)

86 3803 167 3862 forte
187 3801 350 3872 Catullus,
371 3800 398 3859 si
415 3810 480 3859 tum
501 3800 637 3872 vixisset,
730 3808 775 3870 (r)
798 3801 830 3859 iu
852 3802 927 3862 lulio
948 3821 975 3858 c.
997 3797 1050 3880 73.

83 3904 246 3966 passerem
282 3903 376 3942 suum
419 3880 461 3940 illi
496 3881 636 3962 iocosque
730 3887 776 3954 (2)
797 3899 889 3942 earm.
915 3883 962 3942 13,

82 3969 223 4026 mittere.
265 3965 312 4022 tta
341 3961 489 4023 Martialis
516 3981 638 4042 quoque
731 3962 763 4031 (3
797 3983 890 4021 carm.
911 3963 965 4023 23¹.v

83 4047 324 4140 Epigrammata
345 4063 397 4102 sua
413 4043 453 4103 ait
472 4064 510 4102 se.
525 4043 636 4102 offerre
731 4047 765 4114 (4
798 4063 890 4102 earm.
911 4066 959 4104 ar.

83 4129 175 4188 Silio.
200 4127 246 4186 lo.
271 4125 370 4185 lsaaci
392 4121 639 4183 Pontaniautem
731 4123 763 4192 <5
798 4141 889 4181 carm.
915 4145 959 4184 ro.

83 4221 114 4268 et
132 4207 350 4268 lloxboruiic.
365 4204 412 4264 35.
426 4213 538 4286 quaest.
552 4204 637 4263 ltom.
733 4202 765 4268 (o
799 4223 889 4261 carm.
911 4203 960 4264 31.

82 4288 292 4350 hallucinatio
337 4283 501 4344 tribuenda
533 4282 639 4343 calami
733 4290 765 4360 (7
799 4303 889 4344 carm.
915 4286 979 4347 103.

82 4370 298 4444 festinationi,
328 4363 484 4427 Catulum
506 4359 639 4424 Martiali
