3010 5092
288 267 349 386 48
617 304 656 363 c.
679 301 846 363 uscnuu
880 301 1061 365 estruem

639 585 884 668 CARMEN
909 596 1039 670 xvttt.

573 787 631 844 AD
663 789 929 844 HORTORVM
962 783 1102 844 DEVM.

287 971 402 1054 Priapo
415 984 605 1033 consecratur
617 971 701 1031 &scus
712 972 745 1030 in
759 971 815 1030 lsoc
828 969 913 1031 haud
928 967 1017 1031 dubie
1028 971 1102 1033 olim
1114 973 1261 1056 longioris
1279 980 1392 1039 carmi·

328 1067 376 1125 uis
394 1063 543 1138 exordio,
559 1063 643 1146 quod
653 1065 691 1124 ab
705 1066 825 1124 interitu
839 1065 1012 1140 vindicavit,
1023 1079 1052 1126 et
1068 1067 1187 1127 Catullo
1197 1069 1391 1130 tribuendam

328 1158 404 1218 olim
423 1161 487 1218 iam
507 1159 689 1218 existimauit
703 1157 904 1220 Terentianus
923 1159 1049 1221 Maura
1068 1161 1101 1218 in
1120 1159 1210 1218 docto
1231 1161 1332 1220 libello
1353 1163 1394 1221 de

326 1249 465 1324 Litteris,
489 1249 617 1333 Syllabis
641 1259 672 1310 et
698 1250 805 1312 Meni·
823 1253 902 1312 inter
923 1250 1031 1312 Gram.
1048 1265 1114 1312 vett.
1137 1273 1171 1334 p.
1194 1255 1284 1326 2444.
1304 1255 1389 1312 cuim

327 1347 504 1406 sententiam
517 1359 546 1405 et
564 1345 621 1406 alii
635 1341 748 1404 deinde
765 1343 906 1425 amplexi
923 1360 1008 1419 suast,
1030 1359 1062 1406 at
1075 1345 1190 1408 Murius
1210 1347 1389 1408 Victorinus

328 1441 363 1500 in
382 1452 448 1500 arte
464 1438 601 1498 Gramm.
613 1460 646 1521 p.
660 1437 769 1516 2598-
781 1455 831 1516 99.
851 1451 880 1498 et
899 1434 1005 1502 tritius
1024 1439 1256 1500 Fortunatinnus
1269 1441 1301 1499 in
1311 1443 1390 1500 Arte

274 1579 277 1588 .
326 1555 361 1616 p.
372 1531 462 1612 2676.
476 1533 522 1592 At
534 1529 692 1591 Victorius
704 1530 737 1590 in
755 1531 831 1592 Var.
844 1533 927 1594 Lect.
941 1533 1012 1592 XII
1015 1574 1025 1605 ,
1042 1531 1070 1592 3.
1085 1533 1222 1594 Muretus
1234 1531 1278 1592 ad
1291 1533 1354 1592 nt.
1367 1547 1394 1592 ct

327 1623 462 1706 Scaliger
480 1623 525 1684 ad
547 1624 690 1684 Catalect.
710 1636 763 1684 set.
779 1625 863 1686 Poit.
879 1647 941 1688 non
952 1628 1008 1688 lsoc
1023 1639 1139 1686 tantam
1154 1625 1301 1706 longioris
1313 1643 1388 1684 car·-

297 1757 300 1760 ·
329 1723 421 1784 minis
426 1721 655 1803 fragmesum
677 1719 734 1780 sed
743 1719 805 1779 duo
819 1724 971 1801 sequentia
984 1723 1076 1782 etiam
1092 1722 1125 1779 in
1145 1719 1293 1802 Piiapum
1312 1740 1392 1780 car-

327 1819 428 1889 mina,
449 1817 538 1898 quasi
554 1815 740 1897 postliminio
755 1813 875 1874 Catullo
895 1811 1049 1876 restituere
1061 1816 1163 1876 conati
1178 1825 1264 1890 sunt,
1283 1815 1391 1896 quibsss

329 1911 447 1974 accedit
474 1910 613 1983 Vossius,
639 1911 692 1992 qui
711 1910 783 1970 liaeo
807 1907 851 1970 ad
877 1910 991 1972 calcem
1014 1909 1156 1972 editionis
1181 1931 1252 1972 suae
1280 1913 1393 1972 re'ectc

336 2007 427 2090 Quod
439 2005 564 2092 quidem
577 2005 634 2064 viri
645 2003 744 2076 docti,
764 2007 879 2086 partim
897 2003 1015 2066 ludicro
1029 2009 1174 2066 carminis
1184 2027 1290 2088 genere
1302 2007 1399 2085 148]-

336 2101 479 2183 pnalico,
499 2119 559 2180 quo
578 2097 641 2158 cluo
658 2099 767 2181 priora
782 2101 922 2160 carmina
941 2102 1108 2183 composita
1127 2115 1209 2174 sant,
1231 2122 1275 2160 es:
1286 2101 1400 2184 ‚quihus

335 2199 456 2258 tertusm
475 2207 591 2256 constat
607 2193 700 2276 puris.
713 2194 821 2253 iambis
845 2194 1044 2268 Catullianis,
1064 2197 1180 2276 partim
1199 2198 1268 2278 ipsa
1289 2197 1401 2256 luorum

335 2294 505 2352 carminum
518 2290 662 2350 monete
672 2303 704 2348 et
723 2289 870 2349 orationis
882 2289 1044 2370 elegantia,
1068 2291 1188 2352 Catullo
1202 2290 1400 2374 degnimbna,

331 2384 430 2468 facile
448 2385 503 2442 tibi
518 2395 740 2464 persuasesumt.
766 2383 829 2442 Nec
849 2381 1039 2444 accommode
1057 2385 1130 2444 haec
1146 2387 1207 2446 trra
1223 2384 1400 2467 poimatia,

336 2480 434 2559 [quae
452 2477 511 2536 sive
529 2495 551 2535 a
573 2473 693 2538 Catullo
713 2475 773 2534 sive
791 2475 830 2536 ab
848 2476 911 2535 atio
931 2495 1042 2557 magno
1053 2481 1144 2559 poeta
1160 2479 1300 2560 prosecta
1318 2477 1401 2548 sint,

250 2633 253 2642 ,
335 2576 483 2634 neminem
502 2584 580 2635 certe
599 2571 704 2653 legisse
720 2571 899 2654 poenitebit]
914 2573 1015 2630 statim
1032 2585 1102 2655 post
1120 2593 1242 2632 carmen
1261 2587 1310 2630 sn
1330 2583 1398 2631 co-

336 2683 490 2740 nonum,
518 2687 586 2732 cum
610 2668 647 2728 ob
673 2669 777 2740 metri,
806 2679 870 2726 tecm
895 2666 933 2726 sb
959 2669 1128 2748 argumenti
1147 2665 1401 2740 similitudmem,

335 2768 518 2826 coruunctim
537 2760 575 2826 ab
593 2765 646 2836 iis,
667 2781 742 2844 quos
757 2762 923 2844 sequimur,
941 2763 1042 2844 posita
1058 2763 1205 2823 videaur.
1246 2763 1406 2846 tapam

337 2870 437 2918 asacrn
454 2859 528 2918 lsaec
548 2859 688 2918 carmina
708 2857 785 2916 uste·
804 2855 949 2938 Priapeia
964 2858 997 2915 in
1011 2855 1110 2916 Catal.
1123 2869 1176 2916 vet.
1190 2857 1273 2916 Pois.
1292 2854 1407 2936 scalig.

339 2975 367 3013 c.
380 2952 436 3026 85,
456 2955 490 3016 in
510 2953 615 3035 Priap.
635 2951 757 3033 Sciopp.
775 2971 803 3012 c.
823 2949 870 3014 86.
891 2963 919 3009 et
938 2951 971 3009 in
990 2951 1116 3010 Anthol.
1140 2953 1206 3012 Ver.
1225 2952 1298 3011 Lat.
1317 2951 1407 3010 Post.

340 3044 506 3106 Burmanni
525 3042 660 3106 Secundi
678 3044 729 3104 tit.
747 3044 808 3118 VI,
822 3043 871 3107 85.
894 3045 930 3104 Τ.
944 3043 995 3114 11,
1016 3063 1089 3125 pag.
1107 3043 1192 3126 557,
1211 3045 1262 3105 ubi
1278 3057 1406 3125 praeter

336 3157 389 3210 ea,
411 3159 489 3217 quae
501 3141 564 3198 iam
579 3139 701 3199 Murem
719 3149 748 3199 et
767 3136 877 3199 Vossio
890 3139 922 3196 in
939 3136 1169 3197 Commentariis
1183 3135 1227 3196 ad
1243 3135 1407 3196 Catullum

336 3229 492 3291 observata
510 3241 589 3302 sarit,
606 3230 698 3312 plura
711 3244 775 3292 tam
787 3229 828 3290 de
840 3233 952 3290 incerto
970 3251 1071 3290 eorum
1091 3244 1212 3290 anctore
1224 3249 1317 3304 quam
1330 3229 1405 3310 ipso

336 3327 481 3384 carminis
497 3344 604 3406 genere
623 3323 814 3407 Itltyplsalico
835 3323 952 3385 erudite
971 3323 1178 3407 disputantur,
1199 3325 1369 3408 praecipue
1388 3343 1412 3382 a

339 3415 409 3478 en.
420 3415 516 3478 Andr.
531 3417 688 3492 Dackero,
707 3419 790 3478 cuias
803 3417 952 3490 ineditas,
973 3438 1050 3500 quae
1060 3417 1116 3478 isac
1130 3431 1279 3500 spectant,
1295 3417 1410 3476 abser-

338 3513 470 3572 vationes
493 3509 692 3578 wiiciendas
714 3514 829 3572 curavit
852 3511 1042 3572 Eumenous
1068 3508 1258 3572 Secuudsin
1276 3509 1411 3569 Antinoi.

350 3610 454 3684 111,
472 3629 508 3694 p.
520 3607 608 3691 574,
629 3611 703 3691 qui,
726 3609 753 3668 si
771 3622 883 3668 ceteras
903 3609 990 3668 tuno
1002 3606 1169 3667 doctissimi
1181 3607 1354 3689 interpretis
1376 3610 1414 3666 in

342 3707 497 3768 cautum
514 3718 621 3780 notas,
643 3725 718 3787 qaas
741 3705 774 3764 in
797 3704 914 3763 scriniis
927 3703 987 3762 suis
998 3721 1020 3762 a
1034 3699 1196 3762 Guilielrno
1210 3699 1327 3761 Ruellio
1346 3724 1411 3762 ac-

338 3817 441 3885 ceptas
464 3801 618 3874 servabat,
642 3795 756 3882 publici
775 3799 851 3858 iuris
860 3797 1001 3880 fecisset,
1025 3817 1168 3878 magnam
1183 3798 1269 3880 apud
1286 3799 1411 3860 Catulli

340 3895 464 3954 lectores
480 3894 613 3975 gratiam
639 3893 767 3952 initurus
777 3891 898 3974 fuisset.
922 3923 943 3935 -
967 3891 1105 3952 Ceterum
1124 3893 1179 3950 via·
1195 3889 1322 3950 dubium
1338 3906 1411 3962 est,

340 3988 415 4068 quin
433 3999 539 4046 assctor
561 3985 668 4046 horum
691 3986 875 4056 carminum,
892 3984 1069 4066 atticumque
1089 3979 1210 4045 ιίωιιιηι
1219 3985 1341 4066 suerit,
1368 4005 1416 4044 es:

339 4099 449 4158 graeco
462 4077 691 4162 quodaassonte
703 4077 837 4140 tortam
849 4099 918 4138 suos
931 4077 1083 4159 rigaverit.

302 4189 448 4350 Hunc
466 4271 594 4348 lucum
610 4273 677 4348 tibi
695 4273 820 4350 dedico
841 4297 1108 4376 consecroque,
1124 4272 1276 4374 Priape,
