3010 5092
466 303 773 412 eraunu'xrx.
831 383 833 390 -

66 561 235 634 Dumosa
250 573 452 656 asperaque
469 580 492 628 a
508 574 592 629 meo
608 555 655 627 srt
670 560 814 628 remota
830 551 981 626 sacello:

67 673 191 760 Alter,
209 695 325 771 parva
339 669 456 742 ferens
473 695 588 742 manu
604 693 748 770 semper
763 691 918 742 munera
932 663 1046 766 larga.
1153 741 1157 750 ,

68 789 215 862 Florida
231 786 321 859 mihi
338 784 487 886 ponitur
504 785 605 885 picta
620 808 703 858 vere
720 781 859 859 corolla
1128 806 1172 852 ro

66 901 245 990 Primitu’,
264 907 302 975 et
317 908 445 974 tenera
460 901 579 974 virens
597 900 698 1001 spica
714 899 833 974 mollis
850 898 983 970 arista:

65 1019 211 1090 Luteae
227 1013 345 1088 violae
361 1014 451 1086 mihi
467 1013 681 1112 luteumque
697 1037 879 1114 papaver,

68 1130 325 1228 Pallentestpre
342 1128 555 1202 cucurbitae
572 1133 610 1200 et
626 1152 738 1202 suave
755 1126 891 1200 olentia
908 1123 1028 1212 mala;

69 1251 147 1319 Uva
161 1246 361 1346 pampinea
376 1244 510 1318 rubens
526 1242 684 1318 educata
701 1242 769 1316 sub
786 1242 929 1315 umbra.

69 1362 254 1463 Sanguine
270 1361 366 1434 banc
384 1359 497 1432 etiam
512 1357 601 1432 mihi
619 1357 698 1455 (sed
713 1357 897 1452 tacebitis)
917 1352 1020 1430 aram
1128 1360 1172 1430 15

67 1543 100 1597 V.
118 1561 143 1611 9.
160 1541 239 1595 Alter
252 1557 336 1610 parva
352 1555 428 1590 maran
435 1535 529 1607 fierem
545 1552 624 1604 usque
632 1553 736 1586 munera
747 1533 841 1600 targa,
859 1551 890 1586 ex
908 1533 1090 1586 emendatione
1107 1534 1170 1586 Dor·

67 1620 152 1686 villii,
171 1637 248 1690 quem
270 1615 361 1670 laudat
378 1617 539 1668 Burmannus
557 1613 687 1666 Secundus
704 1614 733 1664 in
750 1611 860 1666 Anthot.
877 1611 911 1665 ad
927 1611 954 1664 h.
972 1611 1007 1678 t,
1023 1611 1069 1664 sed
1088 1613 1168 1682 magis

68 1698 167 1752 arridet
193 1697 336 1749 Setuaderr'
353 1703 379 1751 rt
395 1713 495 1766 semper
518 1697 596 1748 metri
620 1714 697 1748 caure
715 1697 744 1746 in
760 1713 834 1764 saepe
859 1697 985 1748 mutantis
1003 1697 1127 1748 correctio
1144 1698 1174 1748 in

66 1775 179 1828 Obstru.
196 1775 258 1826 Lib.
275 1775 314 1836 u,
330 1793 353 1830 c.
371 1775 398 1836 1,
417 1785 445 1845 p:
465 1790 503 1824 ra.
521 1802 554 1816 -
570 1791 597 1826 v.
618 1791 656 1824 ιι.
674 1773 828 1842 lacteamque
842 1792 956 1844 papaver
973 1773 1046 1844 apud
1058 1773 1126 1826 vict.
1144 1782 1172 1825 et
1197 1808 1202 1816 -

67 1855 181 1908 Attum.
209 1853 262 1908 sed
272 1854 366 1906 tutem
381 1871 493 1922 papaver
510 1859 538 1904 et
553 1853 623 1906 inira
640 1851 736 1905 dieitur
752 1852 868 1918 tx1,v.
890 1855 944 1920 195.
970 1850 1069 1902 Eadem
1082 1850 1178 1904 harum

67 1953 160 1989 ιωιιιι
171 1937 331 2008 permutatio
341 1933 413 2006 apud
430 1933 544 1988 Martini.
558 1934 614 1996 ΙΙΙ,
626 1937 666 1986 58.
681 1951 725 1994 aa,
738 1933 784 1986 ubi
796 1933 842 1986 olii
858 1951 906 2002 pro
923 1932 998 1984 tacut
1014 1951 1106 1984 vernae
1118 1950 1176 1986 ma-

68 2017 132 2071 lunt
146 2017 219 2070 tuaest
248 2016 281 2072 V.
301 2021 339 2068 15.
357 2035 405 2087 pro
427 2015 492 2066 hano
513 2033 604 2077 aram,
627 2013 697 2084 quod
719 2013 849 2104 elegpnter
869 2015 1013 2068 coniecerat
1037 2013 1171 2078 Muretus,
1250 2057 1259 2078 .

70 2161 146 2222 olim
162 2160 322 2222 ridebatur
333 2159 423 2223 lectio
435 2163 535 2222 colens
549 2159 589 2223 ob

72 2245 221 2325 ingratam
234 2243 443 2326 repetitionem
456 2243 590 2304 eiusdem

71 2326 158 2384 verbi
171 2345 211 2386 ex
224 2345 312 2386 versu
331 2325 367 2398 5,
384 2335 414 2385 et
434 2323 506 2386 hino
528 2345 589 2406 pro

70 2408 173 2467 colens
190 2405 355 2487 legendum
373 2425 435 2466 esse
448 2406 589 2488 putabam

72 2509 195 2559 caveas,
214 2487 267 2548 sed
280 2508 363 2548 nune
375 2487 425 2549 vix
438 2503 514 2570 opus
527 2507 589 2548 esse

71 2568 194 2630 videtur
214 2567 271 2630 hae
294 2569 468 2634 mutatione.

115 2647 590 2728 V.9.n0bilissimahuiusvemm

75 2730 236 2792 sententia:
251 2751 376 2792 munera
392 2752 500 2814 parva,
514 2751 590 2812 quae

73 2812 141 2904 quia
151 2814 204 2894 pio
213 2811 315 2872 animo
324 2813 591 2886 offertsuoseme-

75 2903 152 2952 tiens
173 2892 318 2967 modulo,
339 2902 409 2954 sunt
434 2912 541 2974 magna
560 2901 591 2952 et

75 2975 132 3034 diis
142 2974 319 3055 gratissima.
343 2976 422 3035 Hinc
436 2972 549 3037 Tibull.
560 2974 591 3048 1,

80 3079 103 3115 ι.
125 3077 175 3116 21.
201 3059 287 3116 Tarm
305 3057 397 3116 vitula
420 3059 591 3115 innunwros

75 3137 223 3198 [intrabat
236 3158 323 3199 caesa
335 3140 486 3198 iuvencos:
503 3137 592 3200 Nunc

75 3239 158 3300 agna
182 3217 284 3299 exigui
303 3233 346 3280 est
365 3219 462 3279 tosta
485 3237 593 3298 magna

73 3301 140 3360 soti.

114 3379 156 3441 V.
178 3401 223 3442 ιο.
264 3381 325 3439 icta
345 3378 478 3452 corolla,
503 3378 592 3440 variis

75 3461 204 3528 floribus
248 3461 255 3474 ‘
285 3459 363 3521 ‘ncta
379 3469 412 3520 ut
420 3461 521 3543 pictae
533 3483 590 3520 uo-

78 3543 188 3602 lucres.

115 3625 158 3683 V.
184 3645 230 3682 ιι.
253 3622 392 3682 Primitu'
404 3629 437 3687 ut
458 3622 592 3704 primum

77 3704 191 3764 florum
214 3701 301 3784 oopia
324 3702 366 3764 fit
386 3703 446 3764 vid.
474 3703 512 3763 de
534 3704 593 3767 han

77 3787 203 3866 antiqua
222 3803 296 3846 voce
317 3785 453 3844 Nonium
466 3785 592 3848 Marcel.

97 3871 194 3926 ,15'.

75 3891 96 3950 P
119 3899 227 4018 Vfrt.
242 3967 298 4005 uva
312 3949 482 4030 pomp-‹ut›
497 3949 593 4009 ambr.

75 4029 165 4088 educ.
194 4027 394 4088 maturitatem
413 4038 509 4090 nacta.
529 4027 595 4088 ele·

75 4119 188 4178 aanter
207 4107 289 4168 enim
305 4107 416 4168 herbae
429 4111 477 4172 vel
492 4109 594 4190 fruges

77 4173 206 4250 educari
233 4187 396 4264 dicuntur,
431 4211 507 4272 quae
533 4199 594 4250 tam
628 4199 630 4204 ’

76 4269 160 4330 atris
181 4271 325 4352 temperie
346 4272 485 4332 foventur
504 4293 593 4333 oom-

78 4349 187 4430 moda,
218 4373 308 4436 quum
336 4374 429 4432 eure,
456 4351 538 4414 cultu
565 4362 596 4415 et

654 2161 785 2236 ‘oeterim
799 2160 908 2244 quibua
921 2161 958 2222 ad
972 2162 1173 2226 maturitatem

661 2243 855 2384 pprveniant,
874 2243 1022 2339 alimentis
1034 2252 1065 2304 et
1080 2245 1175 2306 nubsi-

685 2345 719 2384 us
732 2323 883 2384 fruuntur.
908 2326 960 2387 Src
974 2326 1053 2385 infra
1067 2326 1175 2402 mut,

664 2409 712 2478 tr.
726 2413 758 2466 et
776 2405 824 2467 50.
839 2405 871 2466 in
888 2405 1015 2468 Lusibus
1032 2407 1106 2482 LII,
1128 2409 1172 2470 15.

649 2484 777 2548 tibull.
803 2486 833 2560 Ι,
859 2511 883 2548 ι.
908 2487 951 2548 ι3.
975 2489 1059 2550 Uvae
1077 2497 1180 2556 autem

663 2565 713 2629 vel
746 2569 874 2630 maxime
909 2569 946 2631 ad
977 2569 1178 2632 maturitatem

663 2669 746 2790 itti
759 2648 868 2812 iiffli‘.
883 2652 1178 2813 iiiiss'f'vii'ss‘tiiil

664 2809 702 2871 de
715 2811 825 2874 ritibus
838 2812 932 2874 niniio
945 2821 1026 2873 aestu
1039 2813 1174 2874 exsicca-

664 2891 718 2952 tie:
750 2893 842 2952 Liber
893 2898 1048 2977 amputetur
1070 2896 1179 2956 invidit

664 2974 789 3034 collitus
812 2917 932 3036 amiras
953 3007 973 3020 -
993 2975 1097 3035 rubens
1119 2999 1177 3036 uua

666 3053 808 3124 Horatio,
829 3055 881 3116 uhi
896 3056 934 3116 de
950 3054 1053 3115 iisdem
1068 3055 1178 3138 Priapo

666 3135 826 3198 offerendis
836 3137 1010 3198 muneribus
1016 3157 1114 3198 sermo
1125 3145 1179 3210 ost,

666 3211 777 3278 dicitur
786 3233 903 3280 certans
914 3240 1069 3300 purpurae
1081 3215 1179 3300 Epod.
1217 3266 1221 3276 ,

665 3297 717 3372 11,
737 3323 765 3362 v.
786 3321 834 3360 ao.
914 3349 917 3356 ,

652 3388 659 3400 “
706 3383 747 3442 V.
763 3381 806 3444 15.
816 3381 869 3442 sed
884 3381 1029 3452 tacebitis,
1045 3379 1178 3443 favebitis

664 3459 794 3544 lingui&
818 3461 979 3523 Silentium
994 3461 1085 3543 igitur
1097 3462 1180 3524 Pria·

665 3565 723 3636 pus
748 3543 875 3624 imponit
897 3545 998 3624 pueris
1025 3543 1062 3604 de
1088 3544 1179 3636 morie

666 3625 1181 3787 {tutamentum

666 3785 760 3848 trahit
775 3787 812 3848 ad
829 3787 948 3868 impura
963 3785 1084 3867 flagitia,
1104 3807 1180 3880 quae

666 3866 699 3928 in
714 3867 804 3928 sacris
815 3865 960 3948 Priapeiis
975 3867 1122 3934 committi
1135 3889 1182 3930 so·

667 3947 784 4022 lebant,
798 3970 855 4010 nec
869 3945 1001 4093 evuffari
1023 3947 1180 4010 debebant.

669 4029 731 4090 Sed
751 4030 788 4090 de
804 4029 852 4088 his
870 4028 933 4088 nih'
964 4029 1021 4089 iam
1044 4029 1181 4094 viderant

669 4110 769 4191 pueri.
790 4111 930 4170 Muretus
947 4111 1040 4171 refert
1052 4110 1090 4170 ad
1102 4111 1182 4196 loges

669 4191 746 4264 ΧΠ,
766 4190 931 4286 secantium
946 4212 1022 4334 puae
1039 4213 1122 4287 eappa
1137 4195 1180 4289 fa:

670 4292 740 4332 cere
760 4293 927 4354 peregrinis
968 4293 1026 4346 eu,
1046 4295 1105 4333 nm
1128 4295 1181 4357 qur

670 4353 792 4439 publico
805 4355 909 4420 adsciti
929 4363 1043 4432 esseut,
1066 4375 1129 4418 non
1148 4355 1185 4418 ti·

1326 4681 1494 4864 Α
