3036 5114
435 321 492 402 nu
525 329 680 394 sturme
713 327 905 394 curvum.
1148 330 1231 394 Lrn

119 549 240 625 utitur
266 573 308 624 eo
334 570 442 620 versu
468 545 630 625 Catullus
655 549 737 636 ter,
763 545 961 619 nimirums
1013 543 1016 549 ’

119 749 223 810 Germ.
248 719 293 828 i7.
314 747 343 806 0
363 742 505 816 Colonia,
525 763 600 825 quae
620 741 706 824 cupis
725 749 818 824 pontu
836 740 942 804 ludere
961 740 1071 824 ligneo.

248 854 291 914 18.
313 851 405 914 llun'c
423 847 526 911 lucum
546 847 602 908 tibi
621 845 728 908 dedico
748 867 968 930 centenaque,
989 846 1116 930 Priape:

246 975 293 1036 19.
314 957 405 1018 lluuc
418 976 490 1039 ego,
503 955 641 1028 iuvenes,
654 952 755 1016 locam
776 951 969 1038 villulamque
992 952 1165 1036 palustrem·

170 1182 249 1254 Vll.
274 1181 425 1280 Septimi
450 1182 591 1283 generis
617 1185 672 1255 est
687 1179 872 1253 iambicus
889 1181 1106 1251 tetrameter
1124 1181 1229 1250 cata«

120 1287 262 1383 lectus,
279 1295 343 1393 qui
361 1303 506 1370 constat
523 1301 662 1397 septem
679 1292 851 1395 pedibus,
869 1299 1077 1384 etscaesura
1092 1293 1131 1366 in
1146 1292 1230 1366 sine.

120 1407 180 1480 Ad
204 1431 289 1482 eum
308 1433 416 1510 porro
440 1410 646 1484 laciendum
672 1416 866 1484 servantur
889 1409 1035 1498 omnia,
1061 1431 1156 1507 quae
1182 1403 1231 1478 ad

119 1525 331 1600 iambicum
356 1527 563 1600 trimetrum
588 1527 783 1630 pertinent.
832 1527 1053 1628 Exemplum
1079 1527 1144 1600 sit:

120 1683 564 1802 nentispunnmtmm
578 1715 583 1784 ι
597 1716 698 1778 meam
712 1719 717 1785 ι
731 1712 1033 1800 qutdintvtlitstt

120 1905 167 1975 ln
192 1903 255 1976 illo
281 1931 387 1979 versu
412 1913 468 1980 est
493 1907 776 2009 amphibrachys
794 1932 815 1984 ν
833 1932 905 1984 -ν
935 1905 1094 1982 secundo
1120 1905 1231 2000 loco,

121 2025 346 2120 anapaestus
372 2020 496 2093 tertio:

120 2205 1086 2286 Quumdclviimrillie‘ritlitfistfistaulditfilscitinltiu

122 2391 164 2470 in
188 2391 253 2466 illo
278 2401 411 2470 autem
429 2397 632 2498 spondaeus
657 2397 740 2474 lucu
765 2398 942 2500 septimo:

121 2589 1022 2676 'luvitsiturlpiterltibilflaigtltlicintscrihilllent

125 2769 298 2844 Catullus
322 2770 421 2845 hunc
446 2769 594 2852 adhibet
609 2767 742 2862 semel,
766 2771 929 2848 carmine
954 2771 1016 2849 25.

125 2959 262 3024 Cinaede
281 2959 405 3038 Thalle,
425 2959 546 3032 mollior
564 2959 699 3028 cuniculi
716 2923 835 3048 capillo.

177 3173 274 3246 Vlll.
299 3175 432 3252 Octavi
457 3176 596 3280 generis
620 3153 676 3254 est
700 3172 963 3259 Chon‘ambus,
995 3173 1059 3274 qui
1076 3172 1233 3250 'constat

126 3285 291 3384 quinque
309 3287 480 3386 pedibus,
498 3291 670 3366 nimirum
688 3290 892 3392 spondaeo,
909 3287 1028 3367 tribus
1046 3287 1236 3364 chorium<

124 3399 185 3476 bis
199 3427 266 3478 —v
280 3429 301 3480 v
314 3441 346 3454 -
361 3411 398 3478 et
421 3406 651 3504 pyrrhichio,
677 3410 738 3487 uta

124 3579 246 3640 venus
259 3579 265 3648 l
278 3580 365 3642 irriti
376 3579 424 3643 far
437 3583 443 3650 Ι
456 3587 486 3643 et
498 3579 622 3659 nebulis
635 3581 641 3650 l
654 3581 750 3646 atriis
762 3580 769 3648 Ι
782 3581 857 3646 sinin

108 3711 210 3832 ‘Hoc
228 3781 354 3832 versus
371 3783 499 3860 genere
517 3763 725 3864 conscripta
738 3767 795 3836 est
805 3761 950 3836 Horatii
962 3760 1031 3835 ude
1049 3755 1105 3834 18.
1118 3753 1179 3836 lib.
1199 3784 1230 3831 1.

124 3953 264 4032 Nullam,
285 3955 384 4034 vare,
403 3975 485 4020 sacra
504 3953 564 4018 vite
583 3954 669 4038 prius
688 3955 800 4020 serene
819 3915 982 4020 urinarum.¹

125 4131 253 4204 Utitur
278 4153 321 4204 ec
348 4128 508 4206 Catullus
534 4129 647 4206 semel
672 4131 834 4206 carmine
859 4135 922 4210 30.

126 4318 269 4402 Alpheae
290 4317 467 4400 inmemor,
487 4329 574 4408 atque
593 4320 744 4392 unanimis
761 4321 833 4388 aaa
851 4319 1007 4392 roduna
1098 4349 1104 4364 ·
