3036 5114
323 309 471 368 xuvut·
553 395 555 404 .
588 305 643 366 DE
677 310 715 368 C.
749 307 930 368 tammo
964 306 1159 370 CATVLLO

321 513 524 618 gandarum
542 511 701 601 leminis,
725 511 802 584 iam
819 509 966 610 quidem
981 514 1019 582 et
1035 507 1139 600 viris,
1157 513 1288 608 atque,
1308 513 1351 581 ut
1370 511 1423 582 ait

324 629 503 714 Catullus,
529 626 641 699 libn's.

373 751 466 849 (vid.
482 777 593 825 cartu.
615 779 628 824 1
649 765 684 826 et
701 751 785 846 22.)

673 974 771 1049 Idem
788 975 844 1049 tu.
864 973 913 1072 37
929 1001 1005 1072 sap.
1024 973 1061 1047 6.

372 1143 508 1216 Nonius
525 1145 699 1232 Senator,
717 1142 811 1216 filius
828 1144 998 1216 Sturmae
1015 1143 1121 1215 Nonii
1138 1144 1236 1228 eius,
1253 1163 1362 1239 quem
1376 1140 1422 1242 Q.

323 1259 486 1332 Catullus
501 1264 612 1360 polita
628 1261 666 1331 in
683 1257 772 1332 sella
788 1257 906 1332 curuli
923 1259 1039 1332 visum
1058 1259 1203 1359 indigne
1218 1259 1314 1331 tulit.

251 1469 252 1474 ἵ
372 1387 467 1484 (viu
481 1412 624 1461 carmen
641 1385 725 1486 52.)

547 1618 689 1692 Plinius
706 1617 824 1692 iunior
839 1617 999 1717 Epistolz
1021 1617 1062 1692 16
1080 1617 1139 1692 tit.
1161 1645 1192 1690 1.
1298 1609 1301 1618 ’

372 1787 477 1861 Facit
488 1811 613 1862 versus
622 1787 639 1884 (
646 1787 837 1885 Pompeius
844 1785 1102 1880 Saturnian),
1117 1744 1242 1884 quales
1255 1785 1421 1860 Catullus

322 1928 444 1991 meus,
463 1910 530 1977 aut
545 1903 692 1977 Calvus.
734 1906 923 1995 Quantum
939 1903 1009 1975 illis
1026 1903 1177 2002 leporis,
1195 1901 1418 1992 dulcedinis,

304 2015 575 2089 amauitudinis
587 2015 729 2090 inserit!
746 2017 861 2105 Sane,
878 2016 940 2090 sed
957 2015 1044 2088 data
1060 2039 1191 2114 opera,
1210 2015 1420 2090 molliuscu-

322 2128 396 2216 los,
410 2129 716 2230 leviusculosque,
731 2131 957 2205 dunusculos
971 2128 1165 2230 quasdam:
1178 2136 1217 2203 et
1227 2130 1299 2204 hoc
1312 2133 1419 2230 quasi

327 2243 489 2316 Catullus
505 2269 626 2338 meus,
645 2251 711 2318 aut
727 2244 873 2318 Calvus.

373 2473 471 2552 Idem
486 2477 646 2575 Epistola
668 2479 787 2568 il-lib.
806 2483 829 2568 4
846 2481 988 2579 ἰοᾳυσηε
1002 2480 1045 2554 de
1057 2479 1378 2581 Handeonsyllabis.

374 2645 517 2720 Scimus
543 2646 704 2748 alioqui,
730 2645 838 2722 huius
862 2647 1026 2748 opusculi
1053 2647 1155 2721 illam
1178 2673 1254 2722 esse
1277 2650 1422 2722 verissi-

323 2785 424 2836 mam
449 2762 585 2864 legem,
612 2789 724 2862 quam
750 2761 911 2838 Catullus
936 2764 1128 2866 expressit:
1153 2763 1253 2840 Nam
1277 2777 1419 2840 austum

323 2901 399 2950 esse
421 2877 519 2962 deta
539 2882 641 2975 pium
663 2885 806 2976 puttam
853 2876 977 2977 Ipsum
1002 2891 1069 2952 etc.

373 3001 467 3097 (vu.
491 3026 634 3076 carmen
663 3001 744 3100 16.)

422 3232 562 3310 Sentius
578 3236 792 3337 Augurinus
816 3265 876 3337 ap.
891 3236 1007 3320 eumd.
1021 3239 1123 3336 epist.
1139 3257 1185 3331 27
1204 3237 1265 3312 tit.
1282 3243 1320 3328 4.

325 3399 448 3476 Canto
466 3405 630 3477 cannina
646 3406 809 3480 versibus
826 3408 994 3497 minutis,

322 3516 388 3593 His
405 3505 494 3591 alini
512 3519 643 3618 quibus
661 3527 698 3594 et
713 3545 816 3594 meus
835 3523 1018 3614 Catullus,
1172 3505 1175 3512 ¹

320 3627 371 3704 ut
385 3631 519 3706 Calvus
538 3639 748 3732 veteresque
766 3679 799 3690 -
816 3679 849 3692 ..
866 3677 899 3690 ..

390 3873 499 3945 Com.
522 3871 666 3948 Tacitus
682 3872 741 3946 ut.
757 3887 830 3966 4⁶·
849 3873 897 3960 34
913 3875 1116 3968 maulim,
1132 3877 1170 3950 in
1188 3875 1359 3952 oratoru

709 3988 881 4064 Cremutii
911 3987 1033 4063 Cordi.

367 4151 539 4228 Carmina
580 4155 746 4233 Bibaculi
779 4165 816 4234 et
849 4159 985 4236 Catulli
1011 4157 1143 4233 referta
1177 4155 1413 4234 contumeliis

318 4263 519 4342 Caesarum
546 4269 730 4372 leguntur.
