3036 5114
279 299 357 360 ΧΠ
468 294 707 356 PRAEFATIO
732 295 844 364 ΕΒΗ).
867 299 975 356 GVlL.
997 297 1195 364 DOERlNG.

282 503 452 594 ctrinae
485 503 615 628 copia
647 499 775 596 facile
808 519 1026 630 praestare
1049 503 1221 629 potuit,
1257 483 1308 594 id
1338 505 1385 596 in
1494 618 1498 643 Ι

229 709 232 717 ,
284 645 463 738 Catullo
486 679 558 738 me
581 647 871 774 praestitisse,
900 648 966 739 vel
989 679 1189 772 unquam
1214 677 1294 772 pro
1319 647 1387 736 in·
1493 684 1498 791 j

284 793 402 916 genii
425 809 469 882 et
489 789 719 888 doctrinae
743 796 958 890 tenuitate
988 811 1211 920 praestare
1234 822 1386 918 posse,
1494 822 1498 837 ·

282 937 416 1030 stulte
454 937 564 1033 mihi
600 938 915 1067 persuadeam
960 942 1098 1034 immo
1136 935 1385 1062 gratissimo

285 1087 435 1178 animo
458 1083 633 1214 publice
649 1085 882 1216 profiteor,
904 1120 976 1180 me
994 1120 1051 1179 ne
1069 1085 1186 1180 banc
1206 1081 1386 1208 quidem

285 1232 657 1366 qualemcumque
686 1232 867 1330 Catullo
890 1269 1049 1330 navare
1072 1233 1265 1360 potuisse
1287 1264 1391 1359 ope

284 1409 410 1496 ram,
433 1381 519 1472 nisi
541 1399 776 1508 praecepta
794 1379 851 1473 ab
869 1386 1053 1508 Heynrb
1077 1380 1124 1472 in
1141 1374 1325 1468 Tibullo
1346 1396 1393 1472 et

286 1524 521 1652 praecipue
554 1521 743 1652 Virgilio
776 1524 834 1620 ad
868 1555 1000 1622 omne
1034 1527 1267 1652 poetarum
1293 1540 1390 1614 stu-

286 1673 415 1764 dium
449 1674 677 1800 proposita
712 1695 886 1772 mature
920 1671 1220 1786 imbibissem,
1253 1691 1297 1762 ct
1330 1669 1388 1763 ad
1509 1733 1510 1752 i

286 1823 380 1912 cius
414 1853 621 1914 normam
656 1823 836 1917 virtutes
874 1823 1069 1953 poeticas
1101 1839 1146 1912 et
1177 1819 1393 1914 dictiones

286 1971 460 2092 exigere
495 1961 758 2066 didicissem.
836 1963 903 2062 Ne
938 1968 1047 2096 quid
1085 1969 1393 2064 ostentationis

292 2148 429 2210 causa
461 2113 678 2232 facerem,
705 2136 750 2208 et
777 2113 1010 2214 ambitiose
1039 2116 1097 2208 ad
1125 2150 1286 2210 vanam
1310 2115 1393 2210 do·

288 2263 457 2387 ctrinae
479 2261 712 2387 gloriolam
734 2261 1045 2392 aucupandam
1069 2259 1266 2388 undique
1294 2295 1393 2354 om-

289 2413 366 2504 nia
390 2407 693 2526 corraderem,
726 2443 820 2502 nou
850 2411 996 2508 solum
1026 2409 1257 2536 diligenter
1280 2411 1390 2504 mibi

288 2557 411 2669 cavi,
446 2553 523 2648 sed
561 2557 698 2654 etiam
732 2557 973 2685 plurimam
1005 2575 1176 2686 partem
1209 2589 1391 2671 eorum,

290 2733 404 2826 quae
427 2699 534 2793 olim
556 2733 718 2828 magno
740 2735 846 2798 cum
868 2701 1015 2815 studio
1033 2737 1093 2796 ex
1115 2720 1393 2796 commenta-

288 2846 366 2938 riis
383 2845 574 2939 aliorum
599 2846 656 2942 ad
682 2847 910 2948 Catullum
931 2882 1258 2974 congesseram,
1287 2879 1395 2942 cum

288 3028 450 3124 parum
466 2997 668 3090 utilitatis
687 2995 790 3093 inde
808 2997 864 3095 ad
882 3002 1036 3128 politae
1050 2996 1394 3126 explicationem

289 3141 538 3236 redundare
557 3142 798 3262 videretur,
821 3147 989 3242 reseeui
1006 3145 1073 3244 vet
1092 3145 1223 3274 plane
1242 3144 1392 3242 delevi.

290 3288 423 3417 Quod
446 3309 597 3384 autem
619 3289 676 3386 ad
699 3292 1020 3393 instituendam
1049 3325 1155 3386 cum
1183 3289 1367 3388 Graecis
1379 3369 1393 3412 ,

290 3435 494 3563 equibus
506 3455 629 3532 totus
640 3436 799 3536 Noster
812 3439 999 3570 pendet,
1016 3445 1394 3572 comparationem

290 3605 485 3714 spectat,
518 3587 695 3682 animus
718 3608 808 3704 est,
840 3589 876 3682 si
905 3585 1028 3684 Deus
1049 3591 1187 3686 vitam
1208 3623 1393 3684 conces-

291 3737 421 3851 serit,
439 3735 528 3828 alio
544 3754 743 3864 tempore
761 3733 819 3830 ad
833 3737 1088 3866 exemplum
1103 3736 1256 3853 studii,
1273 3735 1395 3863 quod

291 3879 478 4007 Virgilio
497 3919 601 3978 cum
618 3881 802 3978 Graecis
819 3902 1077 4013 comparato
1094 3885 1201 3978 olim
1222 3887 1394 4014 impen-

291 4024 360 4118 dit
371 4024 1026 4162 Vrsinus,inlibellopeculiari,
1040 4033 1289 4126 institutam
1302 4025 1393 4120 Ca-

293 4175 390 4272 tulli
402 4208 506 4279 cum
515 4173 695 4306 Graecis
705 4182 1083 4316 comparationem
1094 4211 1350 4312 proponere.
