3036 5114
333 339 476 400 xxvm
570 337 704 399 INDEX
736 333 973 400 Eulvlonvu
1003 337 1189 398 'carum

335 555 429 645 1642
457 554 542 630 Cat.
559 553 731 629 Phaselos
749 577 836 628 cunr
849 543 965 656 'hndn
978 550 1165 646 Senstiebii
1174 575 1309 626 comm.
1322 560 1359 627 et
1372 580 1443 652 pa-

505 657 614 730 rodiis
640 655 797 756 amplius
823 656 1115 757 quinquaginta,
1140 659 1180 728 et
1204 679 1336 756 graeca
1363 659 1439 730 los.

508 769 682 870 scaligeri
708 769 958 870 metaphrasi,
989 792 1010 842 e
1039 767 1134 850 Bul.
1161 766 1241 841 uie.
1271 767 1438 860 Henelii,

506 884 607 984 Lips.
626 879 661 957 8.
769 928 776 944 ·

333 998 430 1086 1648
454 997 563 1071 hntv.
586 1023 628 1070 η
645 997 787 1072 omissis
803 998 1007 1072 ohsccerris.

332 1115 423 1191 1651
453 1115 537 1188 Cat.
554 1113 639 1186 Tib.
657 1117 764 1215 Prop.
783 1135 869 1190 cum
885 1112 982 1200 Galli
1001 1112 1171 1216 tragmm.
1188 1108 1341 1186 hmstel.
1363 1133 1422 1183 rs.

333 1232 429 1332 1659
455 1231 540 1306 Cat.
567 1231 651 1304 Tib.
677 1231 787 1333 Prop.
813 1235 851 1304 et
877 1253 972 1326 quas
995 1229 1063 1303 sub
1085 1227 1182 1302 Galli
1199 1229 1347 1302 nornine
1363 1231 1438 1300 cir-

502 1345 775 1432 cumferuntur,
789 1367 875 1418 curn
889 1343 1032 1418 selectis
1046 1344 1231 1416 variorum
1244 1366 1434 1415 commen-

501 1461 617 1554 tariis,
631 1465 831 1534 accusante
844 1459 992 1534 Simone
1001 1459 1117 1533 Abies
1131 1458 1318 1546 Gabbam,
1328 1459 1433 1550 Trai,

503 1577 550 1652 ad
575 1577 694 1652 Rhen.
722 1573 757 1650 8.
799 1575 903 1648 *uuis
930 1575 1202 1678 typographicis
1228 1581 1365 1663 scatet,
1392 1582 1433 1648 et

501 1689 721 1792 farraginem
736 1694 909 1775 notarum
926 1689 1096 1791 adponit,
1114 1688 1246 1788 quihus
1261 1689 1376 1762 verba
1391 1695 1432 1762 et

499 1801 651 1902 phrases
668 1802 917 1890 illustrantur,
935 1827 1009 1876 non
1027 1803 1239 1891 sententiae,

327 1921 422 2006 1664
448 1917 532 1991 Cat.
549 1917 861 2019 uih.1³rop.0um
878 1915 975 1998 Galli
993 1918 1162 2020 fragmm.
1178 1917 1296 1991 Amst.
1314 1921 1376 2004 24.

327 2033 423 2126 1670
449 2028 588 2119 Eadem
604 2034 773 2133 repetita.

328 2149 421 2242 1675
447 2149 627 2221 Poimata
652 2147 786 2226 selecta
812 2171 832 2220 e
863 2145 947 2220 Cat
974 2145 1059 2220 rib.
1084 2151 1122 2220 et
1149 2147 1259 2246 Prop.
1276 2170 1309 2219 c.
1328 2145 1426 2220 notis
1511 2141 1512 2182 ¹

502 2259 648 2333 Vorsrii.
686 2262 788 2362 Lips.
806 2259 841 2332 8.

326 2371 421 2449 1680
448 2373 531 2448 Cat.
551 2374 636 2446 Tib.
654 2375 761 2474 Prop.
779 2397 798 2447 e
814 2399 953 2449 recens.
970 2377 999 2448 1.
1015 2375 1061 2448 G.
1081 2372 1242 2464 Graevii,
1269 2401 1302 2449 c.
1328 2375 1425 2450 notis

498 2491 647 2592 integris
673 2491 744 2563 los.
767 2490 961 2592 scaligeri,
988 2493 1039 2563 Μ.
1057 2489 1142 2564 hnt.
1159 2493 1315 2584 Mureti,
1331 2493 1424 2589 hch,

497 2603 625 2693 Statii,
643 2606 740 2679 Rob.
757 2607 867 2696 Titii,
884 2607 985 2680 Hier.
999 2606 1165 2698 Avantii,
1182 2610 1259 2682 lani
1277 2611 1425 2689 Dousac

495 2721 613 2822 patris
627 2727 664 2794 et
680 2719 765 2809 filii,
783 2719 922 2793 Theod.
939 2720 1118 2810 Marcilii,
1144 2745 1212 2794 nec
1237 2746 1310 2797 non
1331 2721 1424 2795 sele-

496 2835 566 2910 ctis
580 2835 749 2908 aliorum.
787 2835 889 2907 Trai.
901 2835 947 2908 ad
958 2835 1053 2924 Rh,
1067 2861 1113 2910 ex
1125 2833 1222 2914 offic.
1233 2836 1423 2937 ,randolphi

496 2947 633 3046 aZyll,
653 2947 688 3020 8.
731 2945 925 3022 Adiectuin
941 2955 997 3022 est
1012 2949 1244 3052 Pervigilium
1260 2949 1422 3022 Veneris.
1510 2943 1511 2948 ’

495 3061 640 3136 Graevii
659 3085 793 3136 nornen
807 3069 994 3148 mutuasse
1006 3063 1154 3136 tantum
1166 3062 1309 3135 videtur
1322 3064 1423 3133 astu-

494 3183 556 3251 tus
581 3176 753 3252 librarius
780 3173 827 3249 ad
852 3177 1016 3251 fraudem
1040 3177 1263 3268 faciendam,
1292 3201 1422 3275 quarn-

460 3365 468 3382 ,
496 3315 609 3392 quam
627 3291 704 3365 eius
721 3281 954 3392 praelatio'in
971 3293 1092 3394 capite
1108 3293 1252 3397 legitur.
1282 3293 1420 3369 Omnia

492 3407 721 3507 indiligenter
738 3406 912 3508 disposita
929 3413 966 3482 et
982 3433 1116 3510 parurn
1133 3411 1329 3493 concinne3
1350 3433 1420 3504 nec

493 3541 580 3592 curn
595 3543 685 3616 cura
701 3543 886 3620 expressa,

415 3889 572 3986 arras
588 3893 631 3967 v.
672 3885 1316 4007 vossrcnnovcnuorsnun.

319 4091 412 4186 1634
438 4093 520 4169 cat.
547 4094 634 4168 cu'rn
660 4091 904 4170 eruditissimo
929 4090 1115 4169 leutharii
1129 4096 1418 4190 commentario,

490 4207 606 4280 Lond.
626 4213 666 4297 4,
683 4225 778 4306 quae
794 4205 903 4282 editio
916 4209 1064 4308 relicpris
1077 4213 1255 4286 hactenus
1268 4197 1417 4309 quidem

491 4325 668 4420 praestat.
728 4323 820 4412 Usus
838 4328 894 4398 est
908 4329 1054 4423 practer
1072 4325 1168 4400 alios-
1178 4325 1320 4401 codices
1337 4345 1418 4412 otn-
